Timestamp,Ticker,Price,Size,Side
1756656903.09258,STOCK_1100_PE,53.6,10,BUY
1756656903.1007965,STOCK_1100_PE,53.6,10,BUY
1756656903.1059377,STOCK_1100_PE,53.6,10,BUY
1756656903.1106708,STOCK_1100_PE,53.6,10,BUY
1756656903.115375,STOCK_1100_PE,53.6,6,BUY
1756656903.1163538,STOCK_1100_PE,53.6,4,BUY
1756656903.1207693,STOCK_1100_PE,53.6,10,BUY
1756656903.1251857,STOCK_1100_PE,53.6,10,BUY
1756656903.1301732,STOCK_1100_PE,53.6,10,BUY
1756656903.134721,STOCK_1100_PE,53.6,6,BUY
1756656903.139183,STOCK_1100_PE,53.25,10,BUY
1756656903.144237,STOCK_1100_PE,53.25,10,BUY
1756656903.1499536,STOCK_1100_PE,53.25,6,BUY
1756656903.1551235,STOCK_1100_PE,53.65,10,BUY
1756656903.160353,STOCK_1100_PE,53.65,10,BUY
1756656903.1692972,STOCK_1100_PE,53.9,10,BUY
1756656903.1748035,STOCK_1100_PE,53.9,10,BUY
1756656903.1796393,STOCK_1100_PE,53.9,10,BUY
1756656903.1850514,STOCK_1100_PE,53.9,9,BUY
1756656903.1899788,STOCK_1100_PE,54.05,10,BUY
1756656903.1945717,STOCK_1100_PE,54.05,10,BUY
1756656903.199982,STOCK_1100_PE,54.05,7,BUY
1756656903.205916,STOCK_1100_PE,54.05,10,BUY
1756656903.210862,STOCK_1100_PE,54.05,10,BUY
1756656903.215712,STOCK_1100_PE,54.05,10,BUY
1756656903.2202673,STOCK_1100_PE,54.05,1,BUY
1756656903.2248251,STOCK_1100_PE,54.1,10,BUY
1756656903.229339,STOCK_1100_PE,54.1,10,BUY
1756656903.2346578,STOCK_1100_PE,54.1,10,BUY
1756656903.2401483,STOCK_1100_PE,54.1,10,BUY
1756656903.2451823,STOCK_1100_PE,54.1,1,BUY
1756656903.2501853,STOCK_1100_PE,53.5,2,BUY
1756656903.2548213,STOCK_1100_PE,54.15,10,BUY
1756656903.259303,STOCK_1100_PE,54.15,10,BUY
1756656903.2643595,STOCK_1100_PE,54.15,10,BUY
1756656903.2697067,STOCK_1100_PE,54.15,10,BUY
1756656903.2749028,STOCK_1100_PE,54.15,1,BUY
1756656903.2759724,STOCK_1100_PE,54.15,9,BUY
1756656903.2808049,STOCK_1100_PE,54.15,3,BUY
1756656903.2818499,STOCK_1100_PE,54.15,7,BUY
1756656903.2863553,STOCK_1100_PE,54.15,10,BUY
1756656903.2907434,STOCK_1100_PE,54.15,10,BUY
1756656903.2954068,STOCK_1100_PE,54.15,10,BUY
1756656903.2999396,STOCK_1100_PE,54.15,6,BUY
1756656903.3044167,STOCK_1100_PE,54.2,10,BUY
1756656903.3089628,STOCK_1100_PE,54.2,10,BUY
1756656903.3136888,STOCK_1100_PE,54.2,10,BUY
1756656903.3181152,STOCK_1100_PE,54.2,3,BUY
1756656903.3226163,STOCK_1100_PE,53.8,10,BUY
1756656903.3274415,STOCK_1100_PE,53.8,10,BUY
1756656903.3320549,STOCK_1100_PE,53.8,10,BUY
1756656903.336816,STOCK_1100_PE,53.8,5,BUY
1756656903.341551,STOCK_1100_PE,54.25,10,BUY
1756656903.3460796,STOCK_1100_PE,54.25,10,BUY
1756656903.3506503,STOCK_1100_PE,54.25,3,BUY
1756656903.3551433,STOCK_1100_PE,54.35,10,BUY
1756656903.3596752,STOCK_1100_PE,54.35,10,BUY
1756656903.3642333,STOCK_1100_PE,54.35,10,BUY
1756656903.3686976,STOCK_1100_PE,54.35,1,BUY
1756656903.3696694,STOCK_1100_PE,54.35,9,BUY
1756656903.3741565,STOCK_1100_PE,54.35,10,BUY
1756656903.3787608,STOCK_1100_PE,54.35,5,BUY
1756656903.3832088,STOCK_1100_PE,54.3,10,BUY
1756656903.3875418,STOCK_1100_PE,54.3,2,BUY
1756656903.3923292,STOCK_1100_PE,54.45,10,BUY
1756656903.3970373,STOCK_1100_PE,54.65,10,BUY
1756656903.401425,STOCK_1100_PE,54.65,10,BUY
1756656903.4060824,STOCK_1100_PE,54.65,10,BUY
1756656903.6442165,STOCK_1100_PE,54.65,10,BUY
1756656903.7070506,STOCK_1100_PE,54.65,10,BUY
1756656903.7716713,STOCK_1100_PE,54.65,3,BUY
1756656903.8357074,STOCK_1100_PE,54.35,10,BUY
1756656903.8992069,STOCK_1100_PE,54.35,10,BUY
1756656903.961866,STOCK_1100_PE,54.35,10,BUY
1756656904.0251658,STOCK_1100_PE,54.35,10,BUY
1756656904.0877454,STOCK_1100_PE,54.8,10,BUY
1756656904.1511838,STOCK_1100_PE,54.8,10,BUY
1756656904.2163723,STOCK_1100_PE,54.8,9,BUY
1756656904.2795138,STOCK_1100_PE,54.65,10,BUY
1756656904.3432293,STOCK_1100_PE,54.65,10,BUY
1756656904.408236,STOCK_1100_PE,54.65,10,BUY
1756656904.4743595,STOCK_1100_PE,54.65,10,BUY
1756656904.5380101,STOCK_1100_PE,54.65,2,BUY
1756656904.6015074,STOCK_1100_PE,54.9,10,BUY
1756656904.6801007,STOCK_1100_PE,54.9,10,BUY
1756656904.7453322,STOCK_1100_PE,54.9,10,BUY
1756656904.8079276,STOCK_1100_PE,54.9,4,BUY
1756656904.8092244,STOCK_1100_PE,54.9,6,BUY
1756656904.872208,STOCK_1100_PE,54.9,10,BUY
1756656904.9371867,STOCK_1100_PE,54.9,2,BUY
1756656905.0014422,STOCK_1100_PE,54.5,10,BUY
1756656905.066788,STOCK_1100_PE,54.5,10,BUY
1756656905.1293027,STOCK_1100_PE,54.5,10,BUY
1756656905.1929133,STOCK_1100_PE,54.5,10,BUY
1756656905.258272,STOCK_1100_PE,54.5,2,BUY
1756656905.3206546,STOCK_1100_PE,54.85,10,BUY
1756656905.3840601,STOCK_1100_PE,54.85,10,BUY
1756656905.4459968,STOCK_1100_PE,54.85,10,BUY
1756656905.50994,STOCK_1100_PE,54.85,3,BUY
1756656905.5758073,STOCK_1100_PE,53.65,10,BUY
1756656905.6397703,STOCK_1100_PE,53.65,10,BUY
1756656905.7030995,STOCK_1100_PE,53.65,2,BUY
1756656905.767187,STOCK_1100_PE,54.0,7,BUY
1756656905.8307073,STOCK_1100_PE,53.7,4,BUY
1756656905.8941426,STOCK_1100_PE,54.85,10,BUY
1756656905.9570987,STOCK_1100_PE,54.85,10,BUY
1756656906.0209181,STOCK_1100_PE,54.85,10,BUY
1756656906.0838692,STOCK_1100_PE,54.85,10,BUY
1756656906.1480079,STOCK_1100_PE,54.85,5,BUY
1756656906.2114766,STOCK_1100_PE,53.5,10,BUY
1756656906.2760453,STOCK_1100_PE,53.5,10,BUY
1756656906.338571,STOCK_1100_PE,53.5,10,BUY
1756656906.4038725,STOCK_1100_PE,53.5,10,BUY
1756656906.467583,STOCK_1100_PE,53.5,5,BUY
1756656906.5323398,STOCK_1100_PE,53.8,10,BUY
1756656906.5933545,STOCK_1100_PE,53.8,10,BUY
1756656906.656454,STOCK_1100_PE,53.8,1,BUY
1756656906.7184289,STOCK_1100_PE,54.05,10,BUY
1756656906.7831957,STOCK_1100_PE,54.05,10,BUY
1756656906.8454201,STOCK_1100_PE,54.05,10,BUY
1756656906.9087665,STOCK_1100_PE,54.05,1,BUY
1756656906.9739146,STOCK_1100_PE,54.35,10,BUY
1756656907.038471,STOCK_1100_PE,54.35,10,BUY
1756656907.1023154,STOCK_1100_PE,54.6,10,BUY
1756656907.1675823,STOCK_1100_PE,54.6,10,BUY
1756656907.231915,STOCK_1100_PE,54.6,7,BUY
1756656907.2945898,STOCK_1100_PE,54.3,10,BUY
1756656907.3568242,STOCK_1100_PE,54.3,10,BUY
1756656907.420594,STOCK_1100_PE,54.3,1,BUY
1756656907.492142,STOCK_1100_PE,54.7,10,BUY
1756656907.5635087,STOCK_1100_PE,54.7,10,BUY
1756656907.6317728,STOCK_1100_PE,54.7,7,BUY
1756656907.7072604,STOCK_1100_PE,54.15,10,BUY
1756656907.7760897,STOCK_1100_PE,54.15,10,BUY
1756656907.8461108,STOCK_1100_PE,54.15,6,BUY
1756656907.9137344,STOCK_1100_PE,54.75,10,BUY
1756656907.9825876,STOCK_1100_PE,54.75,10,BUY
1756656908.0519435,STOCK_1100_PE,54.75,10,BUY
1756656908.1225216,STOCK_1100_PE,54.75,10,BUY
1756656908.1948814,STOCK_1100_PE,54.75,2,BUY
1756656908.2679942,STOCK_1100_PE,53.9,10,BUY
1756656908.336453,STOCK_1100_PE,53.9,10,BUY
1756656908.4000418,STOCK_1100_PE,53.9,2,BUY
1756656908.4669428,STOCK_1100_PE,53.8,10,BUY
1756656908.5314822,STOCK_1100_PE,53.45,1,BUY
1756656908.5957406,STOCK_1100_PE,53.85,10,BUY
1756656908.6583662,STOCK_1100_PE,53.85,10,BUY
1756656908.7225568,STOCK_1100_PE,53.85,10,BUY
1756656908.7871594,STOCK_1100_PE,53.85,9,BUY
1756656908.8519397,STOCK_1100_PE,54.95,10,BUY
1756656908.9155567,STOCK_1100_PE,54.95,10,BUY
1756656908.9788692,STOCK_1100_PE,54.95,4,BUY
1756656909.0417485,STOCK_1100_PE,55.0,10,BUY
1756656909.1066647,STOCK_1100_PE,54.45,10,BUY
1756656909.1711645,STOCK_1100_PE,54.45,6,BUY
1756656909.234583,STOCK_1100_PE,53.65,10,BUY
1756656909.299061,STOCK_1100_PE,53.65,10,BUY
1756656909.3618696,STOCK_1100_PE,53.65,10,BUY
1756656909.4259589,STOCK_1100_PE,53.65,10,BUY
1756656909.489503,STOCK_1100_PE,53.65,10,BUY
1756656909.5531824,STOCK_1100_PE,53.7,10,BUY
1756656909.6157582,STOCK_1100_PE,53.7,5,BUY
1756656909.6792257,STOCK_1100_PE,53.85,10,BUY
1756656909.7447164,STOCK_1100_PE,53.85,10,BUY
1756656909.8086178,STOCK_1100_PE,53.85,10,BUY
1756656909.871809,STOCK_1100_PE,53.85,10,BUY
1756656909.935673,STOCK_1100_PE,53.85,9,BUY
1756656909.9990823,STOCK_1100_PE,54.2,10,BUY
1756656910.0629926,STOCK_1100_PE,54.2,4,BUY
1756656910.126239,STOCK_1100_PE,53.4,10,BUY
1756656910.189792,STOCK_1100_PE,53.4,2,BUY
1756656910.2547164,STOCK_1100_PE,53.8,10,BUY
1756656910.3203442,STOCK_1100_PE,53.8,10,BUY
1756656910.3853614,STOCK_1100_PE,53.8,10,BUY
1756656910.448825,STOCK_1100_PE,53.8,2,BUY
1756656910.5135615,STOCK_1100_PE,54.45,10,BUY
1756656910.5777519,STOCK_1100_PE,54.45,10,BUY
1756656910.6420681,STOCK_1100_PE,53.95,10,BUY
1756656910.7086463,STOCK_1100_PE,53.95,10,BUY
1756656910.7719464,STOCK_1100_PE,53.95,10,BUY
1756656910.8367481,STOCK_1100_PE,53.95,4,BUY
1756656910.900859,STOCK_1100_PE,54.35,10,BUY
1756656910.9655979,STOCK_1100_PE,54.35,4,BUY
1756656911.0303638,STOCK_1100_PE,53.7,10,BUY
1756656911.0934362,STOCK_1100_PE,53.7,8,BUY
1756656911.1575475,STOCK_1100_PE,54.8,10,BUY
1756656911.22111,STOCK_1100_PE,54.8,7,BUY
1756656911.2868583,STOCK_1100_PE,53.7,10,BUY
1756656911.3513956,STOCK_1100_PE,53.7,10,BUY
1756656911.4160595,STOCK_1100_PE,53.7,1,BUY
1756656911.4779282,STOCK_1100_PE,55.1,10,BUY
1756656911.54329,STOCK_1100_PE,54.1,10,BUY
1756656911.6061046,STOCK_1100_PE,54.1,10,BUY
1756656911.6696255,STOCK_1100_PE,54.1,10,BUY
1756656911.7346761,STOCK_1100_PE,54.1,5,BUY
1756656911.8000987,STOCK_1100_PE,55.05,10,BUY
1756656911.8632438,STOCK_1100_PE,55.05,10,BUY
1756656911.9274595,STOCK_1100_PE,55.05,6,BUY
1756656911.9904835,STOCK_1100_PE,53.5,10,BUY
1756656912.0536108,STOCK_1100_PE,53.5,10,BUY
1756656912.11939,STOCK_1100_PE,53.5,10,BUY
1756656912.1850681,STOCK_1100_PE,53.5,10,BUY
1756656912.250852,STOCK_1100_PE,53.5,8,BUY
1756656912.31572,STOCK_1100_PE,54.15,6,BUY
1756656912.3793547,STOCK_1100_PE,54.7,10,BUY
1756656912.441321,STOCK_1100_PE,54.7,10,BUY
1756656912.5054889,STOCK_1100_PE,54.7,1,BUY
1756656912.5688307,STOCK_1100_PE,53.25,10,BUY
1756656912.6332958,STOCK_1100_PE,53.25,10,BUY
1756656912.6958964,STOCK_1100_PE,53.25,10,BUY
1756656912.7589674,STOCK_1100_PE,53.25,10,BUY
1756656912.8229043,STOCK_1100_PE,53.25,6,BUY
1756656912.8870354,STOCK_1100_PE,54.7,10,BUY
1756656912.950233,STOCK_1100_PE,54.7,10,BUY
1756656913.0141232,STOCK_1100_PE,54.7,5,BUY
1756656913.079089,STOCK_1100_PE,54.6,2,BUY
1756656913.1420116,STOCK_1100_PE,55.1,9,BUY
1756656913.1432726,STOCK_1100_PE,55.1,1,BUY
1756656913.205291,STOCK_1100_PE,55.1,10,BUY
1756656913.2681699,STOCK_1100_PE,55.1,10,BUY
1756656913.334003,STOCK_1100_PE,55.1,10,BUY
1756656913.3967528,STOCK_1100_PE,55.1,10,BUY
1756656913.4607735,STOCK_1100_PE,55.1,2,BUY
1756656913.46207,STOCK_1100_PE,55.1,7,BUY
1756656913.526331,STOCK_1100_PE,53.7,10,BUY
1756656913.588862,STOCK_1100_PE,53.7,4,BUY
1756656913.6530142,STOCK_1100_PE,54.25,10,BUY
1756656913.7181578,STOCK_1100_PE,54.25,10,BUY
1756656913.7817354,STOCK_1100_PE,54.25,1,BUY
1756656913.8471844,STOCK_1100_PE,54.4,4,BUY
1756656913.913193,STOCK_1100_PE,53.45,10,BUY
1756656913.978593,STOCK_1100_PE,53.45,10,BUY
1756656914.0459785,STOCK_1100_PE,53.45,10,BUY
1756656914.1134086,STOCK_1100_PE,53.55,10,BUY
1756656914.1805265,STOCK_1100_PE,53.55,10,BUY
1756656914.2477767,STOCK_1100_PE,53.55,10,BUY
1756656914.315345,STOCK_1100_PE,53.55,10,BUY
1756656914.383617,STOCK_1100_PE,53.55,2,BUY
1756656914.4522889,STOCK_1100_PE,54.75,10,BUY
1756656914.5197468,STOCK_1100_PE,54.75,10,BUY
1756656914.5895965,STOCK_1100_PE,54.75,8,BUY
1756656914.658808,STOCK_1100_PE,55.05,10,BUY
1756656914.7277884,STOCK_1100_PE,55.05,10,BUY
1756656914.7935588,STOCK_1100_PE,55.05,10,BUY
1756656914.858986,STOCK_1100_PE,55.05,10,BUY
1756656914.9235735,STOCK_1100_PE,55.1,10,BUY
1756656914.9890826,STOCK_1100_PE,55.1,6,BUY
1756656915.054089,STOCK_1100_PE,54.45,10,BUY
1756656915.1186662,STOCK_1100_PE,54.45,10,BUY
1756656915.1821427,STOCK_1100_PE,54.45,10,BUY
1756656915.24617,STOCK_1100_PE,54.45,4,BUY
1756656915.311889,STOCK_1100_PE,53.8,10,BUY
1756656915.3768044,STOCK_1100_PE,53.8,9,BUY
1756656915.4441123,STOCK_1100_PE,53.9,10,BUY
1756656915.507469,STOCK_1100_PE,53.9,10,BUY
1756656915.5733054,STOCK_1100_PE,53.9,10,BUY
1756656915.6362612,STOCK_1100_PE,53.9,10,BUY
1756656915.6996217,STOCK_1100_PE,53.75,10,BUY
1756656915.7646973,STOCK_1100_PE,53.75,10,BUY
1756656915.8294697,STOCK_1100_PE,53.75,10,BUY
1756656915.8940344,STOCK_1100_PE,53.75,10,BUY
1756656915.9575286,STOCK_1100_PE,53.75,2,BUY
1756656916.020624,STOCK_1100_PE,54.6,10,BUY
1756656916.084942,STOCK_1100_PE,54.6,10,BUY
1756656916.1488109,STOCK_1100_PE,54.6,4,BUY
1756656916.210992,STOCK_1100_PE,54.4,9,BUY
1756656916.2756572,STOCK_1100_PE,55.15,7,BUY
1756656916.2770534,STOCK_1100_PE,55.15,3,BUY
1756656916.3412473,STOCK_1100_PE,55.15,10,BUY
1756656916.405798,STOCK_1100_PE,55.15,1,BUY
1756656916.4710824,STOCK_1100_PE,55.0,10,BUY
1756656916.5341542,STOCK_1100_PE,54.45,10,BUY
1756656916.597788,STOCK_1100_PE,54.45,10,BUY
1756656916.6586637,STOCK_1100_PE,54.45,7,BUY
1756656916.7373908,STOCK_1100_PE,54.1,10,BUY
1756656916.8010445,STOCK_1100_PE,54.1,10,BUY
1756656916.8640866,STOCK_1100_PE,54.1,10,BUY
1756656916.9277732,STOCK_1100_PE,54.1,7,BUY
1756656916.9906693,STOCK_1100_PE,55.1,10,BUY
1756656917.0521138,STOCK_1100_PE,55.1,10,BUY
1756656917.115889,STOCK_1100_PE,55.1,10,BUY
1756656917.1770957,STOCK_1100_PE,55.1,7,BUY
1756656917.2425842,STOCK_1100_PE,54.3,10,BUY
1756656917.306677,STOCK_1100_PE,54.3,10,BUY
1756656917.3716028,STOCK_1100_PE,54.3,2,BUY
1756656917.4336946,STOCK_1100_PE,55.15,10,BUY
1756656917.4977727,STOCK_1100_PE,55.15,10,BUY
1756656917.5607345,STOCK_1100_PE,54.6,7,BUY
1756656917.6233356,STOCK_1100_PE,53.25,10,BUY
1756656917.687235,STOCK_1100_PE,53.25,10,BUY
1756656917.7504823,STOCK_1100_PE,53.25,10,BUY
1756656917.8132298,STOCK_1100_PE,53.25,2,BUY
1756656917.87669,STOCK_1100_PE,54.2,10,BUY
1756656917.938125,STOCK_1100_PE,54.2,10,BUY
1756656918.0016413,STOCK_1100_PE,54.2,10,BUY
1756656918.065307,STOCK_1100_PE,54.2,7,BUY
1756656918.1288824,STOCK_1100_PE,53.5,10,BUY
1756656918.1926692,STOCK_1100_PE,53.5,10,BUY
1756656918.2581966,STOCK_1100_PE,53.5,10,BUY
1756656918.3253715,STOCK_1100_PE,53.5,10,BUY
1756656918.3891053,STOCK_1100_PE,53.5,8,BUY
1756656918.4537537,STOCK_1100_PE,55.0,10,BUY
1756656918.5184197,STOCK_1100_PE,55.0,10,BUY
1756656918.580571,STOCK_1100_PE,55.0,10,BUY
1756656918.6439,STOCK_1100_PE,55.0,10,BUY
1756656918.7074578,STOCK_1100_PE,55.0,8,BUY
1756656918.7696211,STOCK_1100_PE,54.85,2,BUY
1756656918.8321753,STOCK_1100_PE,54.25,10,BUY
1756656918.8950047,STOCK_1100_PE,54.25,10,BUY
1756656918.9580398,STOCK_1100_PE,54.25,4,BUY
1756656919.0216093,STOCK_1100_PE,54.8,10,BUY
1756656919.0851943,STOCK_1100_PE,54.8,10,BUY
1756656919.1490107,STOCK_1100_PE,54.8,10,BUY
1756656919.2136652,STOCK_1100_PE,54.8,1,BUY
1756656919.2781923,STOCK_1100_PE,53.65,4,BUY
1756656919.3458252,STOCK_1100_PE,54.15,10,BUY
1756656919.408914,STOCK_1100_PE,54.15,4,BUY
1756656919.4768605,STOCK_1100_PE,54.8,10,BUY
1756656919.550257,STOCK_1100_PE,54.8,10,BUY
1756656919.6228194,STOCK_1100_PE,54.65,10,BUY
1756656919.6915398,STOCK_1100_PE,54.65,10,BUY
1756656919.7607772,STOCK_1100_PE,54.65,10,BUY
1756656919.8304324,STOCK_1100_PE,54.65,10,BUY
1756656919.904345,STOCK_1100_PE,54.65,10,BUY
1756656919.97297,STOCK_1100_PE,53.85,10,BUY
1756656920.0467713,STOCK_1100_PE,53.85,10,BUY
1756656920.1186986,STOCK_1100_PE,53.85,10,BUY
1756656920.1902895,STOCK_1100_PE,53.85,4,BUY
1756656920.261112,STOCK_1100_PE,55.15,7,BUY
1756656920.3284745,STOCK_1100_PE,53.3,5,BUY
1756656920.3956962,STOCK_1100_PE,54.1,10,BUY
1756656920.458719,STOCK_1100_PE,54.1,10,BUY
1756656920.5225015,STOCK_1100_PE,54.1,10,BUY
1756656920.5862088,STOCK_1100_PE,54.1,10,BUY
1756656920.650523,STOCK_1100_PE,54.1,2,BUY
1756656920.7160783,STOCK_1100_PE,54.55,10,BUY
1756656920.7817292,STOCK_1100_PE,54.55,10,BUY
1756656920.8463538,STOCK_1100_PE,54.55,2,BUY
1756656920.9239585,STOCK_1100_PE,54.05,10,BUY
1756656920.9968145,STOCK_1100_PE,54.05,5,BUY
1756656921.070414,STOCK_1100_PE,54.8,7,BUY
1756656921.140697,STOCK_1100_PE,53.45,10,BUY
1756656921.2156856,STOCK_1100_PE,53.45,10,BUY
1756656921.2889316,STOCK_1100_PE,53.45,10,BUY
1756656921.3572435,STOCK_1100_PE,53.45,10,BUY
1756656921.427129,STOCK_1100_PE,53.45,10,BUY
1756656921.4952023,STOCK_1100_PE,53.45,10,BUY
1756656921.5604467,STOCK_1100_PE,53.45,4,BUY
1756656921.6309743,STOCK_1100_PE,54.25,10,BUY
1756656921.7008824,STOCK_1100_PE,54.25,10,BUY
1756656921.770286,STOCK_1100_PE,54.25,4,BUY
1756656921.8398225,STOCK_1100_PE,53.95,10,BUY
1756656921.9068353,STOCK_1100_PE,53.95,10,BUY
1756656921.9712303,STOCK_1100_PE,53.95,10,BUY
1756656922.0354552,STOCK_1100_PE,53.95,10,BUY
1756656922.1008139,STOCK_1100_PE,53.95,4,BUY
1756656922.1632705,STOCK_1100_PE,53.7,10,BUY
1756656922.2282584,STOCK_1100_PE,53.7,3,BUY
1756656922.2927086,STOCK_1100_PE,54.7,10,BUY
1756656922.3694668,STOCK_1100_PE,54.7,10,BUY
1756656922.4510155,STOCK_1100_PE,54.7,10,BUY
1756656922.5241523,STOCK_1100_PE,54.7,1,BUY
1756656922.5944152,STOCK_1100_PE,54.55,10,BUY
1756656922.6672494,STOCK_1100_PE,54.55,5,BUY
1756656922.7404883,STOCK_1100_PE,53.6,10,BUY
1756656922.8253217,STOCK_1100_PE,53.6,10,BUY
1756656922.9208155,STOCK_1100_PE,53.6,10,BUY
1756656923.0279703,STOCK_1100_PE,53.6,8,BUY
1756656923.1184626,STOCK_1100_PE,53.95,10,BUY
1756656923.2282414,STOCK_1100_PE,53.95,3,BUY
1756656923.3190627,STOCK_1100_PE,53.9,10,BUY
1756656923.4168363,STOCK_1100_PE,53.9,10,BUY
1756656923.4980748,STOCK_1100_PE,53.9,1,BUY
1756656923.577366,STOCK_1100_PE,53.45,10,BUY
1756656923.6540258,STOCK_1100_PE,53.45,10,BUY
1756656923.7390356,STOCK_1100_PE,53.45,5,BUY
1756656923.819886,STOCK_1100_PE,54.8,10,BUY
1756656923.8975985,STOCK_1100_PE,54.8,10,BUY
1756656923.9726377,STOCK_1100_PE,54.8,10,BUY
1756656924.0426273,STOCK_1100_PE,54.8,6,BUY
1756656924.1170957,STOCK_1100_PE,55.0,10,BUY
1756656924.185797,STOCK_1100_PE,55.0,10,BUY
1756656924.6948805,STOCK_1045_PE,51.9,2,BUY
1756736308.9128437,STOCK_1075_CE,53.7,10,BUY
1756736338.6756508,STOCK_1095_PE,53.85,10,BUY
1756736338.6835413,STOCK_1095_PE,53.85,10,BUY
1756736338.6899977,STOCK_1095_PE,53.85,10,BUY
1756736338.6970177,STOCK_1095_PE,53.85,1,BUY
1756736338.7040424,STOCK_1095_PE,54.5,1,BUY
1756736338.710951,STOCK_1095_PE,54.7,10,BUY
1756736338.7169702,STOCK_1095_PE,54.7,10,BUY
1756736338.7234054,STOCK_1095_PE,54.7,10,BUY
1756736338.7303448,STOCK_1095_PE,54.7,6,BUY
1756736338.731977,STOCK_1095_PE,54.7,4,BUY
1756736338.7378004,STOCK_1095_PE,54.7,10,BUY
1756736338.7438893,STOCK_1095_PE,54.7,10,BUY
1756736338.7498982,STOCK_1095_PE,54.7,10,BUY
1756736338.756336,STOCK_1095_PE,54.7,6,BUY
1756736338.762516,STOCK_1095_PE,54.3,10,BUY
1756736338.7688415,STOCK_1095_PE,54.3,10,BUY
1756736338.7758622,STOCK_1095_PE,54.3,10,BUY
1756736338.7822783,STOCK_1095_PE,54.3,5,BUY
1756736338.7888246,STOCK_1095_PE,54.9,10,BUY
1756736338.7953272,STOCK_1095_PE,54.9,10,BUY
1756736338.801611,STOCK_1095_PE,54.9,10,BUY
1756736338.8080494,STOCK_1095_PE,54.9,9,BUY
1756736338.8143337,STOCK_1095_PE,54.95,10,BUY
1756736338.8211884,STOCK_1095_PE,54.95,10,BUY
1756736338.8276422,STOCK_1095_PE,54.95,10,BUY
1756736338.8340893,STOCK_1095_PE,54.95,9,BUY
1756736338.8403497,STOCK_1095_PE,54.65,10,BUY
1756736338.8462858,STOCK_1095_PE,54.65,10,BUY
1756736338.8526824,STOCK_1095_PE,54.65,10,BUY
1756736338.8589914,STOCK_1095_PE,54.65,10,BUY
1756736338.86579,STOCK_1095_PE,54.65,1,BUY
1756736338.8718975,STOCK_1095_PE,54.25,6,BUY
1756736338.8782454,STOCK_1095_PE,54.5,10,BUY
1756736338.8849378,STOCK_1095_PE,54.5,10,BUY
1756736338.890969,STOCK_1095_PE,54.5,10,BUY
1756736338.8973897,STOCK_1095_PE,54.5,6,BUY
1756736338.9036546,STOCK_1095_PE,55.05,10,BUY
1756736338.9096317,STOCK_1095_PE,55.05,10,BUY
1756736338.9164143,STOCK_1095_PE,55.1,9,BUY
1756736338.9225686,STOCK_1095_PE,53.8,10,BUY
1756736338.9308012,STOCK_1095_PE,53.8,10,BUY
1756736338.9369924,STOCK_1095_PE,53.8,10,BUY
1756736338.9431882,STOCK_1095_PE,53.8,4,BUY
1756736338.9499369,STOCK_1095_PE,55.15,10,BUY
1756736338.9561622,STOCK_1095_PE,55.15,6,BUY
1756736338.9626944,STOCK_1095_PE,54.35,9,BUY
1756736338.9691434,STOCK_1095_PE,53.95,9,BUY
1756736338.9755328,STOCK_1095_PE,54.0,10,BUY
1756736338.9819076,STOCK_1095_PE,54.0,3,BUY
1756736338.9883661,STOCK_1095_PE,54.55,10,BUY
1756736338.9951465,STOCK_1095_PE,54.55,10,BUY
1756736339.0018823,STOCK_1095_PE,54.55,6,BUY
1756736339.0085514,STOCK_1095_PE,55.2,2,BUY
1756736339.0099978,STOCK_1095_PE,55.2,8,BUY
1756736339.0162444,STOCK_1095_PE,55.2,2,BUY
1756736339.0232584,STOCK_1095_PE,53.95,10,BUY
1756736339.0293813,STOCK_1095_PE,53.95,10,BUY
1756736339.0357537,STOCK_1095_PE,53.95,10,BUY
1756736339.0424027,STOCK_1095_PE,53.95,10,BUY
1756736339.0487854,STOCK_1095_PE,53.95,5,BUY
1756736339.0551655,STOCK_1095_PE,55.25,10,BUY
1756736339.0610533,STOCK_1095_PE,55.25,10,BUY
1756736339.0670867,STOCK_1095_PE,55.25,10,BUY
1756736339.0737884,STOCK_1095_PE,55.25,10,BUY
1756736339.0802453,STOCK_1095_PE,55.25,10,BUY
1756736339.0870292,STOCK_1095_PE,55.25,10,BUY
1756736339.3374171,STOCK_1095_PE,55.25,10,BUY
1756736339.4064937,STOCK_1095_PE,55.3,10,BUY
1756736339.473085,STOCK_1095_PE,55.3,10,BUY
1756736339.540422,STOCK_1095_PE,55.3,3,BUY
1756736339.613111,STOCK_1095_PE,54.75,10,BUY
1756736339.683164,STOCK_1095_PE,54.75,3,BUY
1756736339.7543697,STOCK_1095_PE,54.25,10,BUY
1756736339.8250077,STOCK_1095_PE,54.25,10,BUY
1756736339.8948066,STOCK_1095_PE,54.25,10,BUY
1756736339.9660194,STOCK_1095_PE,54.25,6,BUY
1756736340.0415075,STOCK_1095_PE,54.35,10,BUY
1756736340.1087902,STOCK_1095_PE,54.35,3,BUY
1756736340.1739328,STOCK_1095_PE,53.85,10,BUY
1756736340.246002,STOCK_1095_PE,53.85,10,BUY
1756736340.316365,STOCK_1095_PE,53.85,10,BUY
1756736340.3887806,STOCK_1095_PE,53.85,10,BUY
1756736340.4612863,STOCK_1095_PE,53.85,9,BUY
1756736340.5318837,STOCK_1095_PE,53.95,10,BUY
1756736340.6028323,STOCK_1095_PE,53.95,10,BUY
1756736340.6718676,STOCK_1095_PE,53.95,10,BUY
1756736340.74143,STOCK_1095_PE,53.95,10,BUY
1756736340.8094,STOCK_1095_PE,53.95,8,BUY
1756736340.8747299,STOCK_1095_PE,54.9,10,BUY
1756736340.9418855,STOCK_1095_PE,54.9,10,BUY
1756736341.0098572,STOCK_1095_PE,54.9,4,BUY
1756736341.0766132,STOCK_1095_PE,54.85,10,BUY
1756736341.1571908,STOCK_1095_PE,54.85,10,BUY
1756736341.2243993,STOCK_1095_PE,55.35,2,BUY
1756736341.292486,STOCK_1095_PE,54.9,2,BUY
1756736341.359489,STOCK_1095_PE,54.4,6,BUY
1756736341.4273438,STOCK_1095_PE,54.05,7,BUY
1756736341.493443,STOCK_1095_PE,54.95,8,BUY
1756736341.5606964,STOCK_1095_PE,55.05,10,BUY
1756736341.6284392,STOCK_1095_PE,55.05,10,BUY
1756736341.6967492,STOCK_1095_PE,55.05,1,BUY
1756736341.7644875,STOCK_1095_PE,55.05,4,BUY
1756736341.831064,STOCK_1095_PE,55.4,10,BUY
1756736341.8981507,STOCK_1095_PE,54.2,10,BUY
1756736341.9656816,STOCK_1095_PE,54.2,10,BUY
1756736342.0323794,STOCK_1095_PE,54.2,10,BUY
1756736342.1003356,STOCK_1095_PE,54.2,10,BUY
1756736342.1678183,STOCK_1095_PE,54.2,5,BUY
1756736342.2381904,STOCK_1095_PE,54.4,10,BUY
1756736342.3042011,STOCK_1095_PE,54.4,4,BUY
1756736342.3722928,STOCK_1095_PE,54.75,10,BUY
1756736342.4395394,STOCK_1095_PE,54.75,10,BUY
1756736342.5062234,STOCK_1095_PE,54.75,4,BUY
1756736342.5737636,STOCK_1095_PE,54.5,10,BUY
1756736342.6412823,STOCK_1095_PE,54.5,10,BUY
1756736342.7076695,STOCK_1095_PE,54.5,10,BUY
1756736342.774446,STOCK_1095_PE,54.5,10,BUY
1756736342.8394327,STOCK_1095_PE,54.5,8,BUY
1756736342.9053028,STOCK_1095_PE,55.0,10,BUY
1756736342.9735527,STOCK_1095_PE,55.0,10,BUY
1756736343.040901,STOCK_1095_PE,55.0,10,BUY
1756736343.1096249,STOCK_1095_PE,55.0,8,BUY
1756736343.177671,STOCK_1095_PE,53.95,10,BUY
1756736343.2468023,STOCK_1095_PE,53.95,10,BUY
1756736343.313158,STOCK_1095_PE,53.95,4,BUY
1756736343.37915,STOCK_1095_PE,54.2,10,BUY
1756736343.4460251,STOCK_1095_PE,54.2,8,BUY
1756736343.513929,STOCK_1095_PE,54.35,10,BUY
1756736343.5814252,STOCK_1095_PE,54.35,10,BUY
1756736343.6478276,STOCK_1095_PE,54.35,10,BUY
1756736343.71435,STOCK_1095_PE,54.35,6,BUY
1756736343.7812786,STOCK_1095_PE,55.4,10,BUY
1756736343.8470387,STOCK_1095_PE,55.4,10,BUY
1756736343.9117043,STOCK_1095_PE,55.4,9,BUY
1756736343.9132252,STOCK_1095_PE,55.4,1,BUY
1756736343.9803724,STOCK_1095_PE,55.4,10,BUY
1756736344.0470297,STOCK_1095_PE,55.4,9,BUY
1756736344.0486171,STOCK_1095_PE,55.4,1,BUY
1756736344.1148608,STOCK_1095_PE,55.4,10,BUY
1756736344.1808848,STOCK_1095_PE,55.4,10,BUY
1756736344.2476177,STOCK_1095_PE,55.4,10,BUY
1756736344.3128788,STOCK_1095_PE,54.1,10,BUY
1756736344.3803606,STOCK_1095_PE,53.8,10,BUY
1756736344.4479477,STOCK_1095_PE,53.8,10,BUY
1756736344.5153263,STOCK_1095_PE,53.8,1,BUY
1756736344.5813155,STOCK_1095_PE,55.45,10,BUY
1756736344.6465,STOCK_1095_PE,55.45,10,BUY
1756736344.7263982,STOCK_1095_PE,55.45,10,BUY
1756736344.793003,STOCK_1095_PE,55.45,3,BUY
1756736344.859242,STOCK_1095_PE,54.8,10,BUY
1756736344.9243577,STOCK_1095_PE,54.8,10,BUY
1756736344.9918003,STOCK_1095_PE,54.8,9,BUY
1756736345.0593848,STOCK_1095_PE,54.2,10,BUY
1756736345.125573,STOCK_1095_PE,54.2,10,BUY
1756736345.1915011,STOCK_1095_PE,54.2,1,BUY
1756736345.258664,STOCK_1095_PE,55.1,10,BUY
1756736345.3262196,STOCK_1095_PE,55.1,10,BUY
1756736345.3926451,STOCK_1095_PE,55.1,10,BUY
1756736345.4618044,STOCK_1095_PE,55.1,10,BUY
1756736345.528487,STOCK_1095_PE,55.1,5,BUY
1756736345.5937269,STOCK_1095_PE,54.05,5,BUY
1756736345.660969,STOCK_1095_PE,54.65,5,BUY
1756736345.727554,STOCK_1095_PE,55.5,10,BUY
1756736345.7952795,STOCK_1095_PE,54.95,6,BUY
1756736345.8617125,STOCK_1095_PE,55.35,5,BUY
1756736345.9283502,STOCK_1095_PE,54.05,10,BUY
1756736345.99542,STOCK_1095_PE,54.05,10,BUY
1756736346.0612679,STOCK_1095_PE,54.05,10,BUY
1756736346.1296833,STOCK_1095_PE,54.05,10,BUY
1756736346.1956806,STOCK_1095_PE,54.05,7,BUY
1756736346.2633727,STOCK_1095_PE,53.85,10,BUY
1756736346.3306804,STOCK_1095_PE,53.85,10,BUY
1756736346.4001896,STOCK_1095_PE,53.85,10,BUY
1756736346.469791,STOCK_1095_PE,53.85,2,BUY
1756736346.538876,STOCK_1095_PE,54.1,10,BUY
1756736346.6098604,STOCK_1095_PE,54.1,10,BUY
1756736346.6779072,STOCK_1095_PE,54.1,10,BUY
1756736346.7468302,STOCK_1095_PE,54.1,5,BUY
1756736346.8146245,STOCK_1095_PE,54.65,10,BUY
1756736346.881058,STOCK_1095_PE,54.65,10,BUY
1756736346.9485042,STOCK_1095_PE,54.65,10,BUY
1756736347.0179124,STOCK_1095_PE,54.65,5,BUY
1756736347.0829074,STOCK_1095_PE,54.8,10,BUY
1756736347.1511514,STOCK_1095_PE,54.8,10,BUY
1756736347.2189832,STOCK_1095_PE,54.8,6,BUY
1756736347.2874465,STOCK_1095_PE,54.1,10,BUY
1756736347.356048,STOCK_1095_PE,54.1,10,BUY
1756736347.4258735,STOCK_1095_PE,54.1,4,BUY
1756736347.497669,STOCK_1095_PE,55.45,10,BUY
1756736347.5664666,STOCK_1095_PE,55.45,3,BUY
1756736347.6356213,STOCK_1095_PE,54.4,4,BUY
1756736347.7031379,STOCK_1095_PE,54.15,10,BUY
1756736347.7705164,STOCK_1095_PE,54.15,9,BUY
1756736347.8372467,STOCK_1095_PE,54.25,4,BUY
1756736347.9031708,STOCK_1095_PE,53.75,10,BUY
1756736347.9684992,STOCK_1095_PE,53.75,10,BUY
1756736348.0369675,STOCK_1095_PE,53.75,10,BUY
1756736348.1080394,STOCK_1095_PE,53.75,10,BUY
1756736348.1803136,STOCK_1095_PE,53.75,6,BUY
1756736348.249465,STOCK_1095_PE,54.1,5,BUY
1756736348.3185306,STOCK_1095_PE,54.1,10,BUY
1756736348.3872716,STOCK_1095_PE,54.1,10,BUY
1756736348.455218,STOCK_1095_PE,54.8,10,BUY
1756736348.5241246,STOCK_1095_PE,54.8,5,BUY
1756736348.5922596,STOCK_1095_PE,54.8,3,BUY
1756736348.673312,STOCK_1095_PE,55.4,7,BUY
1756736348.750703,STOCK_1095_PE,53.8,10,BUY
1756736348.8203752,STOCK_1095_PE,53.8,5,BUY
1756736348.8875651,STOCK_1095_PE,54.9,10,BUY
1756736348.9554079,STOCK_1095_PE,54.9,10,BUY
1756736349.0218956,STOCK_1095_PE,54.9,4,BUY
1756736349.0899117,STOCK_1095_PE,55.5,10,BUY
1756736349.158941,STOCK_1095_PE,55.5,10,BUY
1756736349.2278106,STOCK_1095_PE,55.5,10,BUY
1756736349.2988155,STOCK_1095_PE,55.5,9,BUY
1756736349.3004136,STOCK_1095_PE,55.5,1,BUY
1756736349.3701975,STOCK_1095_PE,55.5,10,BUY
1756736349.4414697,STOCK_1095_PE,55.5,2,BUY
1756736349.511047,STOCK_1095_PE,54.05,8,BUY
1756736349.5787315,STOCK_1095_PE,55.2,9,BUY
1756736349.6475413,STOCK_1095_PE,55.3,10,BUY
1756736349.717098,STOCK_1095_PE,55.3,10,BUY
1756736349.7870593,STOCK_1095_PE,55.3,10,BUY
1756736349.859147,STOCK_1095_PE,55.3,10,BUY
1756736349.930994,STOCK_1095_PE,55.3,4,BUY
1756736350.0001175,STOCK_1095_PE,54.75,10,BUY
1756736350.0688286,STOCK_1095_PE,54.75,10,BUY
1756736350.138463,STOCK_1095_PE,54.75,10,BUY
1756736350.2115765,STOCK_1095_PE,54.75,6,BUY
1756736350.2822633,STOCK_1095_PE,55.55,10,BUY
1756736350.3528438,STOCK_1095_PE,55.35,8,BUY
1756736350.4236627,STOCK_1095_PE,53.85,10,BUY
1756736350.494741,STOCK_1095_PE,53.85,10,BUY
1756736350.56897,STOCK_1095_PE,53.85,10,BUY
1756736350.6415813,STOCK_1095_PE,53.85,4,BUY
1756736350.711868,STOCK_1095_PE,54.35,10,BUY
1756736350.791383,STOCK_1095_PE,54.35,8,BUY
1756736350.872336,STOCK_1095_PE,53.85,10,BUY
1756736350.951143,STOCK_1095_PE,53.85,8,BUY
1756736351.0307229,STOCK_1095_PE,53.9,10,BUY
1756736351.1120186,STOCK_1095_PE,53.9,10,BUY
1756736351.1822424,STOCK_1095_PE,53.9,10,BUY
1756736351.2535214,STOCK_1095_PE,53.9,6,BUY
1756736351.3281188,STOCK_1095_PE,54.6,10,BUY
1756736351.4073436,STOCK_1095_PE,54.6,4,BUY
1756736351.4823618,STOCK_1095_PE,55.3,5,BUY
1756736351.553882,STOCK_1095_PE,54.45,10,BUY
1756736351.6225815,STOCK_1095_PE,54.45,4,BUY
1756736351.6918325,STOCK_1095_PE,54.55,10,BUY
1756736351.7693503,STOCK_1095_PE,54.55,10,BUY
1756736351.844916,STOCK_1095_PE,54.55,10,BUY
1756736351.9196143,STOCK_1095_PE,54.55,9,BUY
1756736351.9900115,STOCK_1095_PE,54.9,10,BUY
1756736352.0629227,STOCK_1095_PE,54.9,10,BUY
1756736352.1356838,STOCK_1095_PE,54.9,6,BUY
1756736352.2106335,STOCK_1095_PE,55.55,10,BUY
1756736352.2851396,STOCK_1095_PE,55.55,10,BUY
1756736352.364371,STOCK_1095_PE,55.55,10,BUY
1756736352.4403217,STOCK_1095_PE,55.55,3,BUY
1756736352.4419384,STOCK_1095_PE,55.55,7,BUY
1756736352.5132847,STOCK_1095_PE,55.55,2,BUY
1756736352.515207,STOCK_1095_PE,55.55,6,BUY
1756736352.5856833,STOCK_1095_PE,54.6,10,BUY
1756736352.6611443,STOCK_1095_PE,54.6,4,BUY
1756736352.7540507,STOCK_1095_PE,55.6,5,BUY
1756736352.7559903,STOCK_1095_PE,55.6,5,BUY
1756736352.8322766,STOCK_1095_PE,55.6,2,BUY
1756736352.9090002,STOCK_1095_PE,55.65,10,BUY
1756736352.9829226,STOCK_1095_PE,54.65,10,BUY
1756736353.0576713,STOCK_1095_PE,54.65,10,BUY
1756736353.1307893,STOCK_1095_PE,54.65,10,BUY
1756736353.207747,STOCK_1095_PE,54.65,10,BUY
1756736353.2874916,STOCK_1095_PE,54.65,1,BUY
1756736353.3702862,STOCK_1095_PE,55.65,2,BUY
1756736353.3719463,STOCK_1095_PE,55.65,8,BUY
1756736353.449888,STOCK_1095_PE,55.65,10,BUY
1756736353.537809,STOCK_1095_PE,55.65,10,BUY
1756736353.620772,STOCK_1095_PE,55.65,3,BUY
1756736353.6227205,STOCK_1095_PE,55.65,7,BUY
1756736353.7053144,STOCK_1095_PE,55.65,10,BUY
1756736353.7816703,STOCK_1095_PE,55.65,10,BUY
1756736353.8559566,STOCK_1095_PE,55.65,1,BUY
1756736353.9282675,STOCK_1095_PE,54.95,10,BUY
1756736354.0069833,STOCK_1095_PE,54.95,10,BUY
1756736354.0884566,STOCK_1095_PE,54.95,10,BUY
1756736354.1662507,STOCK_1095_PE,54.95,1,BUY
1756736354.2377677,STOCK_1095_PE,55.05,10,BUY
1756736354.3064587,STOCK_1095_PE,55.05,10,BUY
1756736354.377085,STOCK_1095_PE,55.05,10,BUY
1756736354.4470017,STOCK_1095_PE,55.05,7,BUY
1756736354.51842,STOCK_1095_PE,54.9,10,BUY
1756736354.5879653,STOCK_1095_PE,54.9,8,BUY
1756736354.6618817,STOCK_1095_PE,54.45,1,BUY
1756736354.7364445,STOCK_1095_PE,55.45,10,BUY
1756736354.8094378,STOCK_1095_PE,55.45,10,BUY
1756736354.881099,STOCK_1095_PE,55.45,10,BUY
1756736354.9518147,STOCK_1095_PE,55.45,7,BUY
1756736355.021257,STOCK_1095_PE,54.55,8,BUY
1756736355.0889878,STOCK_1095_PE,54.8,10,BUY
1756736355.1578004,STOCK_1095_PE,54.8,10,BUY
1756736355.225201,STOCK_1095_PE,54.8,10,BUY
1756736355.292416,STOCK_1095_PE,54.8,4,BUY
1756736355.3590994,STOCK_1095_PE,55.35,10,BUY
1756736355.4265356,STOCK_1095_PE,55.35,10,BUY
1756736355.4991543,STOCK_1095_PE,55.35,9,BUY
1756736355.5677066,STOCK_1095_PE,54.05,3,BUY
1756736355.6457362,STOCK_1095_PE,55.15,10,BUY
1756736355.7269619,STOCK_1095_PE,55.15,10,BUY
1756736355.7992268,STOCK_1095_PE,55.15,4,BUY
1756736355.872224,STOCK_1095_PE,54.25,10,BUY
1756736355.9431994,STOCK_1095_PE,54.25,10,BUY
1756736356.0168872,STOCK_1095_PE,54.25,10,BUY
1756736356.0886762,STOCK_1095_PE,54.25,10,BUY
1756736356.1592717,STOCK_1095_PE,54.25,3,BUY
1756736356.2467773,STOCK_1095_PE,53.9,3,BUY
1756736356.3516738,STOCK_1095_PE,53.9,10,BUY
1756736356.4304154,STOCK_1095_PE,53.9,10,BUY
1756736356.5021143,STOCK_1095_PE,53.9,1,BUY
1756736356.589407,STOCK_1095_PE,54.35,10,BUY
1756736356.6604872,STOCK_1095_PE,54.35,7,BUY
1756736356.7327588,STOCK_1095_PE,54.1,10,BUY
1756736356.8181055,STOCK_1095_PE,54.1,10,BUY
1756736356.8970678,STOCK_1095_PE,54.1,10,BUY
1756736356.9735973,STOCK_1095_PE,54.1,5,BUY
1756736357.0499082,STOCK_1095_PE,54.05,10,BUY
1756736357.1232884,STOCK_1095_PE,54.05,10,BUY
1756736357.194956,STOCK_1095_PE,54.05,10,BUY
1756736357.2947829,STOCK_1095_PE,55.3,10,BUY
1756736357.371509,STOCK_1095_PE,55.3,10,BUY
1756736357.4439337,STOCK_1095_PE,55.3,10,BUY
1756736357.5177133,STOCK_1095_PE,55.3,10,BUY
1756736357.58906,STOCK_1095_PE,55.3,10,BUY
1756736357.6592686,STOCK_1095_PE,55.55,10,BUY
1756736357.730349,STOCK_1095_PE,55.55,1,BUY
1756736357.8018682,STOCK_1095_PE,54.9,10,BUY
1756736357.8731885,STOCK_1095_PE,54.9,2,BUY
1756736357.9447865,STOCK_1095_PE,54.75,10,BUY
1756736358.0155916,STOCK_1095_PE,54.75,10,BUY
1756736358.0869172,STOCK_1095_PE,54.75,2,BUY
1756736358.161404,STOCK_1095_PE,54.4,9,BUY
1756736358.2544098,STOCK_1095_PE,54.85,10,BUY
1756736358.3713229,STOCK_1095_PE,54.85,10,BUY
1756736358.4527109,STOCK_1095_PE,54.85,10,BUY
1756736358.5405834,STOCK_1095_PE,54.85,7,BUY
1756736358.6179945,STOCK_1095_PE,54.2,10,BUY
1756736358.694336,STOCK_1095_PE,54.2,8,BUY
1756736358.7633023,STOCK_1095_PE,54.5,10,BUY
1756736358.8364956,STOCK_1095_PE,54.5,1,BUY
1756736358.9102454,STOCK_1095_PE,54.2,10,BUY
1756736358.9825308,STOCK_1095_PE,54.2,10,BUY
1756736359.0525217,STOCK_1095_PE,54.2,10,BUY
1756736359.1245089,STOCK_1095_PE,54.2,10,BUY
1756736359.1977568,STOCK_1095_PE,54.2,9,BUY
1756736359.3085215,STOCK_1095_PE,55.3,10,BUY
1756736359.40418,STOCK_1095_PE,55.3,10,BUY
1756736359.479311,STOCK_1095_PE,55.3,10,BUY
1756736359.5585854,STOCK_1095_PE,55.3,10,BUY
1756736359.6420636,STOCK_1095_PE,55.3,1,BUY
1756736359.7138016,STOCK_1095_PE,54.45,10,BUY
1756736359.7845254,STOCK_1095_PE,54.45,8,BUY
1756736359.8545513,STOCK_1095_PE,54.7,1,BUY
1756736359.9271722,STOCK_1095_PE,54.65,10,BUY
1756736359.9982257,STOCK_1095_PE,54.65,10,BUY
1756736360.0882335,STOCK_1095_PE,54.65,10,BUY
1756736360.160671,STOCK_1095_PE,54.65,10,BUY
1756736360.2322435,STOCK_1095_PE,54.65,10,BUY
1756736360.302258,STOCK_1095_PE,55.35,10,BUY
1756736360.3711936,STOCK_1095_PE,55.35,7,BUY
1756736360.4412446,STOCK_1095_PE,55.65,10,BUY
1756736360.5115647,STOCK_1095_PE,55.65,10,BUY
1756736360.580647,STOCK_1095_PE,55.65,10,BUY
1756736360.64735,STOCK_1095_PE,55.65,10,BUY
1756736360.7168126,STOCK_1095_PE,55.65,7,BUY
1756736360.788178,STOCK_1095_PE,55.05,10,BUY
1756736360.8632286,STOCK_1095_PE,55.05,8,BUY
1756736360.9353068,STOCK_1095_PE,54.95,10,BUY
1756736361.004551,STOCK_1095_PE,54.95,2,BUY
1756736361.0718145,STOCK_1095_PE,55.4,3,BUY
1756736361.143479,STOCK_1095_PE,55.15,10,BUY
1756736361.2163625,STOCK_1095_PE,55.15,2,BUY
1756736361.3131435,STOCK_1095_PE,53.85,10,BUY
1756736361.406979,STOCK_1095_PE,53.85,10,BUY
1756736361.4782882,STOCK_1095_PE,53.85,10,BUY
1756736361.553447,STOCK_1095_PE,53.85,10,BUY
1756736362.138825,STOCK_1050_PE,52.35,5,BUY
1756736362.210394,STOCK_1050_PE,52.5,10,BUY
1756736362.2778678,STOCK_1050_PE,52.5,10,BUY
1756736362.3458178,STOCK_1050_PE,52.5,10,BUY
1756736362.4145682,STOCK_1050_PE,52.5,10,BUY
1756736362.4802582,STOCK_1050_PE,52.5,5,BUY
1756736362.5470395,STOCK_1050_PE,52.55,10,BUY
1756736362.615998,STOCK_1050_PE,52.55,10,BUY
1756736362.684368,STOCK_1050_PE,52.55,10,BUY
1756736362.753224,STOCK_1050_PE,52.55,10,BUY
1756736362.8232327,STOCK_1050_PE,52.55,4,BUY
1756736362.8911533,STOCK_1050_PE,52.6,10,BUY
1756736362.9600446,STOCK_1050_PE,52.6,10,BUY
1756736363.0268972,STOCK_1050_PE,52.6,10,BUY
1756736363.094822,STOCK_1050_PE,52.6,2,BUY
1756736363.1637485,STOCK_1050_PE,52.5,10,BUY
1756736363.230898,STOCK_1050_PE,52.5,10,BUY
1756736363.3000758,STOCK_1050_PE,52.9,10,BUY
1756736363.368723,STOCK_1050_PE,52.9,10,BUY
1756736363.4358752,STOCK_1050_PE,52.9,10,BUY
1756736363.5021656,STOCK_1050_PE,52.9,10,BUY
1756736363.5723026,STOCK_1050_PE,52.9,1,BUY
1756736363.6410658,STOCK_1050_PE,53.0,10,BUY
1756736363.7081895,STOCK_1050_PE,53.0,10,BUY
1756736363.7767332,STOCK_1050_PE,53.0,2,BUY
1756736363.8448076,STOCK_1050_PE,53.05,10,BUY
1756736363.9302442,STOCK_1050_PE,53.05,10,BUY
1756736364.0000029,STOCK_1050_PE,53.05,9,BUY
1756736364.0686975,STOCK_1050_PE,53.1,10,BUY
1756736364.1382697,STOCK_1050_PE,53.1,1,BUY
1756736364.2092931,STOCK_1050_PE,53.1,10,BUY
1756736364.277858,STOCK_1050_PE,53.1,3,BUY
1756736364.3462472,STOCK_1050_PE,53.2,10,BUY
1756736364.4141035,STOCK_1050_PE,53.2,5,BUY
1756736364.4820206,STOCK_1050_PE,52.9,10,BUY
1756736364.5499346,STOCK_1050_PE,52.9,10,BUY
1756736364.6179109,STOCK_1050_PE,52.9,10,BUY
1756736364.6847918,STOCK_1050_PE,52.9,3,BUY
1756736364.751147,STOCK_1050_PE,53.45,10,BUY
1756736364.8190234,STOCK_1050_PE,53.45,10,BUY
1756736364.8870022,STOCK_1050_PE,53.45,8,BUY
1756736364.9539142,STOCK_1050_PE,53.55,10,BUY
1756736365.0209925,STOCK_1050_PE,53.55,4,BUY
1756736365.0866992,STOCK_1050_PE,53.35,10,BUY
1756736365.1534095,STOCK_1050_PE,53.35,10,BUY
1756736365.2218413,STOCK_1050_PE,53.35,4,BUY
1756736365.2888515,STOCK_1050_PE,53.6,10,BUY
1756736365.3549292,STOCK_1050_PE,53.6,10,BUY
1756736365.4216034,STOCK_1050_PE,53.6,7,BUY
1756736365.4894364,STOCK_1050_PE,53.1,10,BUY
1756736365.5570047,STOCK_1050_PE,53.1,10,BUY
1756736365.6250536,STOCK_1050_PE,53.1,4,BUY
1756736365.6933534,STOCK_1050_PE,52.5,10,BUY
1756736365.7626526,STOCK_1050_PE,52.5,10,BUY
1756736365.8313677,STOCK_1050_PE,52.5,2,BUY
1756736365.9013786,STOCK_1050_PE,53.65,10,BUY
1756736365.969368,STOCK_1050_PE,53.65,1,BUY
1756736366.0353208,STOCK_1050_PE,52.55,10,BUY
1756736366.1033356,STOCK_1050_PE,52.55,10,BUY
1756736366.173539,STOCK_1050_PE,52.55,10,BUY
1756736366.2489266,STOCK_1050_PE,52.55,10,BUY
1756736366.3175669,STOCK_1050_PE,53.0,10,BUY
1756736366.3855424,STOCK_1050_PE,53.0,6,BUY
1756736366.4542906,STOCK_1050_PE,52.8,1,BUY
1756736366.522086,STOCK_1050_PE,52.9,10,BUY
1756736366.589521,STOCK_1050_PE,52.9,10,BUY
1756736366.6560788,STOCK_1050_PE,52.9,10,BUY
1756736366.7237508,STOCK_1050_PE,52.9,2,BUY
1756736366.7918048,STOCK_1050_PE,53.6,10,BUY
1756736366.8626618,STOCK_1050_PE,53.6,6,BUY
1756736366.932184,STOCK_1050_PE,53.45,10,BUY
1756736367.002021,STOCK_1050_PE,53.45,10,BUY
1756736367.071088,STOCK_1050_PE,53.45,10,BUY
1756736367.1410422,STOCK_1050_PE,53.45,8,BUY
1756736367.2109354,STOCK_1050_PE,53.45,10,BUY
1756736367.2772093,STOCK_1050_PE,53.45,10,BUY
1756736367.344997,STOCK_1050_PE,53.45,9,BUY
1756736367.4126945,STOCK_1050_PE,53.7,10,BUY
1756736367.4806175,STOCK_1050_PE,53.7,10,BUY
1756736367.547457,STOCK_1050_PE,53.7,7,BUY
1756736367.548939,STOCK_1050_PE,53.7,3,BUY
1756736367.6155534,STOCK_1050_PE,53.7,10,BUY
1756736367.6830912,STOCK_1050_PE,53.7,10,BUY
1756736367.7495122,STOCK_1050_PE,53.7,10,BUY
1756736367.8176017,STOCK_1050_PE,53.7,3,BUY
1756736367.8988276,STOCK_1050_PE,53.8,10,BUY
1756736367.9677482,STOCK_1050_PE,53.8,10,BUY
1756736368.0346904,STOCK_1050_PE,53.8,2,BUY
1756736368.1018474,STOCK_1050_PE,53.45,10,BUY
1756736368.168274,STOCK_1050_PE,53.45,10,BUY
1756736368.238671,STOCK_1050_PE,53.45,10,BUY
1756736368.3057833,STOCK_1050_PE,53.7,10,BUY
1756736368.3714244,STOCK_1050_PE,53.7,3,BUY
1756736368.4385695,STOCK_1050_PE,53.85,10,BUY
1756736368.5054646,STOCK_1050_PE,53.85,10,BUY
1756736368.5736475,STOCK_1050_PE,53.85,5,BUY
1756736368.640998,STOCK_1050_PE,52.45,10,BUY
1756736368.70757,STOCK_1050_PE,52.45,10,BUY
1756736368.7747495,STOCK_1050_PE,52.45,10,BUY
1756736368.8408885,STOCK_1050_PE,52.45,10,BUY
1756736368.907534,STOCK_1050_PE,52.45,2,BUY
1756736368.9740932,STOCK_1050_PE,53.9,10,BUY
1756736369.0408347,STOCK_1050_PE,53.9,10,BUY
1756736369.1072826,STOCK_1050_PE,53.9,10,BUY
1756736369.1793208,STOCK_1050_PE,53.9,10,BUY
1756736369.253792,STOCK_1050_PE,53.9,5,BUY
1756736369.3258355,STOCK_1050_PE,53.4,10,BUY
1756736369.3975506,STOCK_1050_PE,53.4,10,BUY
1756736369.469155,STOCK_1050_PE,53.4,10,BUY
1756736369.5367203,STOCK_1050_PE,53.4,10,BUY
1756736369.6032221,STOCK_1050_PE,53.4,10,BUY
1756736369.67272,STOCK_1050_PE,52.4,10,BUY
1756736369.740677,STOCK_1050_PE,52.4,10,BUY
1756736369.8058999,STOCK_1050_PE,52.4,10,BUY
1756736369.8727007,STOCK_1050_PE,52.4,10,BUY
1756736369.9394627,STOCK_1050_PE,53.75,1,BUY
1756736370.005894,STOCK_1050_PE,54.05,10,BUY
1756736370.0725825,STOCK_1050_PE,54.05,10,BUY
1756736370.139861,STOCK_1050_PE,54.05,10,BUY
1756736370.2077801,STOCK_1050_PE,54.05,6,BUY
1756736370.2756245,STOCK_1050_PE,52.95,10,BUY
1756736370.3415492,STOCK_1050_PE,52.95,10,BUY
1756736370.4095805,STOCK_1050_PE,52.95,10,BUY
1756736370.4783437,STOCK_1050_PE,52.95,10,BUY
1756736370.5471268,STOCK_1050_PE,52.95,10,BUY
1756736370.6146967,STOCK_1050_PE,53.1,10,BUY
1756736370.6812236,STOCK_1050_PE,53.1,1,BUY
1756736370.7480218,STOCK_1050_PE,52.7,10,BUY
1756736370.821704,STOCK_1050_PE,52.7,10,BUY
1756736370.9114223,STOCK_1050_PE,52.7,10,BUY
1756736370.989973,STOCK_1050_PE,52.7,10,BUY
1756736371.0625398,STOCK_1050_PE,52.7,5,BUY
1756736371.1341138,STOCK_1050_PE,53.15,10,BUY
1756736371.205815,STOCK_1050_PE,53.15,2,BUY
1756736371.2758923,STOCK_1050_PE,53.85,6,BUY
1756736371.3458998,STOCK_1050_PE,54.05,10,BUY
1756736371.4159749,STOCK_1050_PE,54.05,10,BUY
1756736371.488617,STOCK_1050_PE,54.05,10,BUY
1756736371.5600903,STOCK_1050_PE,54.05,1,BUY
1756736371.6319776,STOCK_1050_PE,54.1,10,BUY
1756736371.705459,STOCK_1050_PE,54.1,10,BUY
1756736371.7791343,STOCK_1050_PE,54.1,10,BUY
1756736371.8528051,STOCK_1050_PE,54.1,5,BUY
1756736371.925895,STOCK_1050_PE,52.5,10,BUY
1756736371.996766,STOCK_1050_PE,52.5,10,BUY
1756736372.065735,STOCK_1050_PE,52.5,7,BUY
1756736372.1507542,STOCK_1050_PE,53.2,10,BUY
1756736372.2249637,STOCK_1050_PE,53.2,10,BUY
1756736372.2968583,STOCK_1050_PE,53.2,9,BUY
1756736372.3646042,STOCK_1050_PE,53.55,7,BUY
1756736372.4354537,STOCK_1050_PE,54.15,10,BUY
1756736372.5072439,STOCK_1050_PE,54.15,4,BUY
1756736372.5087306,STOCK_1050_PE,54.15,6,BUY
1756736372.5757635,STOCK_1050_PE,54.15,10,BUY
1756736372.644582,STOCK_1050_PE,54.15,10,BUY
1756736372.7162976,STOCK_1050_PE,54.15,10,BUY
1756736372.7875326,STOCK_1050_PE,54.15,10,BUY
1756736372.857551,STOCK_1050_PE,54.15,2,BUY
1756736372.9280236,STOCK_1050_PE,53.55,2,BUY
1756736372.9981506,STOCK_1050_PE,53.9,10,BUY
1756736373.0702379,STOCK_1050_PE,53.9,1,BUY
1756736373.1399012,STOCK_1050_PE,53.25,10,BUY
1756736373.2101521,STOCK_1050_PE,53.25,10,BUY
1756736373.2806597,STOCK_1050_PE,53.25,10,BUY
1756736373.3505642,STOCK_1050_PE,53.25,2,BUY
1756736373.4195268,STOCK_1050_PE,52.55,10,BUY
1756736373.4868364,STOCK_1050_PE,52.55,10,BUY
1756736373.5581558,STOCK_1050_PE,53.1,10,BUY
1756736373.6275198,STOCK_1050_PE,53.1,10,BUY
1756736373.696117,STOCK_1050_PE,53.1,3,BUY
1756736373.7661004,STOCK_1050_PE,53.5,10,BUY
1756736373.833478,STOCK_1050_PE,53.5,9,BUY
1756736373.902509,STOCK_1050_PE,53.75,10,BUY
1756736373.969666,STOCK_1050_PE,53.75,4,BUY
1756736374.0375109,STOCK_1050_PE,54.2,6,BUY
1756736374.1065023,STOCK_1050_PE,52.9,10,BUY
1756736374.1742902,STOCK_1050_PE,53.35,10,BUY
1756736374.2426155,STOCK_1050_PE,53.35,10,BUY
1756736374.3130283,STOCK_1050_PE,53.35,8,BUY
1756736374.3813298,STOCK_1050_PE,53.4,1,BUY
1756736374.4538586,STOCK_1050_PE,52.8,6,BUY
1756736374.5285559,STOCK_1050_PE,52.5,10,BUY
1756736374.60439,STOCK_1050_PE,52.5,8,BUY
1756736374.6794167,STOCK_1050_PE,53.15,10,BUY
1756736374.7528448,STOCK_1050_PE,53.15,1,BUY
1756736374.8263168,STOCK_1050_PE,52.85,10,BUY
1756736374.8998454,STOCK_1050_PE,52.85,10,BUY
1756736374.971512,STOCK_1050_PE,52.85,4,BUY
1756736375.046473,STOCK_1050_PE,52.6,10,BUY
1756736375.1222749,STOCK_1050_PE,52.6,10,BUY
1756736375.1949885,STOCK_1050_PE,53.45,10,BUY
1756736375.2671444,STOCK_1050_PE,53.45,8,BUY
1756736375.3356254,STOCK_1050_PE,52.65,10,BUY
1756736375.4036753,STOCK_1050_PE,52.65,10,BUY
1756736375.4727757,STOCK_1050_PE,52.65,10,BUY
1756736375.5447972,STOCK_1050_PE,52.65,10,BUY
1756736375.6151125,STOCK_1050_PE,52.65,6,BUY
1756736375.6901047,STOCK_1050_PE,53.3,10,BUY
1756736375.7652287,STOCK_1050_PE,53.3,10,BUY
1756736375.8432422,STOCK_1050_PE,53.3,6,BUY
1756736375.939254,STOCK_1050_PE,53.05,6,BUY
1756736376.0164301,STOCK_1050_PE,52.55,10,BUY
1756736376.0877106,STOCK_1050_PE,52.55,10,BUY
1756736376.158066,STOCK_1050_PE,52.55,10,BUY
1756736376.2289157,STOCK_1050_PE,52.55,10,BUY
1756736376.3004148,STOCK_1050_PE,52.55,9,BUY
1756736376.3687239,STOCK_1050_PE,53.55,10,BUY
1756736376.436283,STOCK_1050_PE,53.55,10,BUY
1756736376.5051472,STOCK_1050_PE,53.55,8,BUY
1756736376.5756042,STOCK_1050_PE,53.6,2,BUY
1756736376.6465933,STOCK_1050_PE,52.6,10,BUY
1756736376.7173338,STOCK_1050_PE,52.6,10,BUY
1756736376.786876,STOCK_1050_PE,52.6,10,BUY
1756736376.8556864,STOCK_1050_PE,52.6,10,BUY
1756736376.9246018,STOCK_1050_PE,52.7,10,BUY
1756736376.9922884,STOCK_1050_PE,52.7,10,BUY
1756736377.061974,STOCK_1050_PE,52.7,10,BUY
1756736377.1308198,STOCK_1050_PE,52.7,10,BUY
1756736377.2007985,STOCK_1050_PE,53.25,10,BUY
1756736377.2711308,STOCK_1050_PE,53.25,10,BUY
1756736377.3426218,STOCK_1050_PE,53.25,10,BUY
1756736377.4144697,STOCK_1050_PE,53.25,2,BUY
1756736377.4848435,STOCK_1050_PE,52.4,10,BUY
1756736377.559755,STOCK_1050_PE,52.4,3,BUY
1756736377.635023,STOCK_1050_PE,54.2,7,BUY
1756736377.71207,STOCK_1050_PE,52.4,10,BUY
1756736377.7850602,STOCK_1050_PE,52.4,10,BUY
1756736377.856675,STOCK_1050_PE,52.4,10,BUY
1756736377.9267817,STOCK_1050_PE,52.4,7,BUY
1756736377.994268,STOCK_1050_PE,53.6,10,BUY
1756736378.0634983,STOCK_1050_PE,53.6,10,BUY
1756736378.1343508,STOCK_1050_PE,53.6,10,BUY
1756736378.2062662,STOCK_1050_PE,53.6,1,BUY
1756736378.2756763,STOCK_1050_PE,53.7,10,BUY
1756736378.3461604,STOCK_1050_PE,52.8,10,BUY
1756736378.4163585,STOCK_1050_PE,52.8,10,BUY
1756736378.4859664,STOCK_1050_PE,52.8,10,BUY
1756736378.556582,STOCK_1050_PE,52.8,10,BUY
1756736378.6266592,STOCK_1050_PE,52.8,3,BUY
1756736378.6947868,STOCK_1050_PE,53.15,10,BUY
1756736378.7641642,STOCK_1050_PE,53.15,10,BUY
1756736378.8334506,STOCK_1050_PE,53.15,10,BUY
1756736378.9038534,STOCK_1050_PE,53.15,3,BUY
1756736378.9760573,STOCK_1050_PE,52.8,2,BUY
1756736379.0473394,STOCK_1050_PE,53.15,10,BUY
1756736379.1180615,STOCK_1050_PE,53.15,4,BUY
1756736379.1911883,STOCK_1050_PE,52.5,10,BUY
1756736379.263804,STOCK_1050_PE,52.5,10,BUY
1756736379.3425033,STOCK_1050_PE,52.5,10,BUY
1756736379.4193802,STOCK_1050_PE,52.5,10,BUY
1756736379.4921412,STOCK_1050_PE,52.5,5,BUY
1756736379.562819,STOCK_1050_PE,53.8,10,BUY
1756736379.632613,STOCK_1050_PE,53.8,10,BUY
1756736379.7008553,STOCK_1050_PE,53.8,10,BUY
1756736379.7715476,STOCK_1050_PE,53.8,6,BUY
1756736379.8407228,STOCK_1050_PE,53.2,8,BUY
1756736379.9248703,STOCK_1050_PE,53.45,10,BUY
1756736379.9924293,STOCK_1050_PE,53.45,4,BUY
1756736380.060334,STOCK_1050_PE,52.4,6,BUY
1756736380.1285932,STOCK_1050_PE,54.05,10,BUY
1756736380.198512,STOCK_1050_PE,54.05,10,BUY
1756736380.267116,STOCK_1050_PE,54.05,10,BUY
1756736380.337475,STOCK_1050_PE,54.05,7,BUY
1756736380.4072304,STOCK_1050_PE,53.25,10,BUY
1756736380.476316,STOCK_1050_PE,53.25,7,BUY
1756736380.5466928,STOCK_1050_PE,54.0,10,BUY
1756736380.6164253,STOCK_1050_PE,54.0,6,BUY
1756736380.6887877,STOCK_1050_PE,52.9,1,BUY
1756736380.7566917,STOCK_1050_PE,52.75,10,BUY
1756736380.8264582,STOCK_1050_PE,52.75,10,BUY
1756736380.8950696,STOCK_1050_PE,52.95,10,BUY
1756736380.9658394,STOCK_1050_PE,52.95,10,BUY
1756736381.0329766,STOCK_1050_PE,52.95,10,BUY
1756736381.1021166,STOCK_1050_PE,52.95,10,BUY
1756736381.171783,STOCK_1050_PE,52.95,3,BUY
1756736381.2408333,STOCK_1050_PE,53.4,10,BUY
1756736381.311162,STOCK_1050_PE,53.4,10,BUY
1756736381.3828027,STOCK_1050_PE,53.4,1,BUY
1756736381.45029,STOCK_1050_PE,54.25,10,BUY
1756736381.5190246,STOCK_1050_PE,52.9,10,BUY
1756736381.589387,STOCK_1050_PE,52.9,10,BUY
1756736381.6563103,STOCK_1050_PE,52.9,1,BUY
1756736381.7227178,STOCK_1050_PE,53.45,10,BUY
1756736381.7950077,STOCK_1050_PE,53.45,10,BUY
1756736381.8631983,STOCK_1050_PE,53.45,3,BUY
1756736381.9318423,STOCK_1050_PE,54.2,9,BUY
1756736382.0014498,STOCK_1050_PE,53.5,10,BUY
1756736382.0703344,STOCK_1050_PE,53.5,10,BUY
1756736382.1400733,STOCK_1050_PE,53.5,3,BUY
1756736382.2129421,STOCK_1050_PE,54.2,2,BUY
1756736382.2848716,STOCK_1050_PE,53.4,10,BUY
1756736382.3581111,STOCK_1050_PE,53.4,10,BUY
1756736382.4286656,STOCK_1050_PE,53.4,9,BUY
1756736382.5007443,STOCK_1050_PE,53.8,10,BUY
1756736382.570483,STOCK_1050_PE,53.8,10,BUY
1756736382.6404107,STOCK_1050_PE,53.8,3,BUY
1756736382.7098365,STOCK_1050_PE,53.5,10,BUY
1756736382.7780402,STOCK_1050_PE,53.5,10,BUY
1756736382.846421,STOCK_1050_PE,53.5,10,BUY
1756736382.9153762,STOCK_1050_PE,53.5,10,BUY
1756736382.9861157,STOCK_1050_PE,53.5,7,BUY
1756736383.057248,STOCK_1050_PE,52.6,10,BUY
1756736383.1296751,STOCK_1050_PE,52.6,10,BUY
1756736383.2027755,STOCK_1050_PE,52.6,10,BUY
1756736383.2800577,STOCK_1050_PE,52.6,7,BUY
1756736383.3624349,STOCK_1050_PE,54.0,10,BUY
1756736383.4352067,STOCK_1050_PE,54.0,10,BUY
1756736383.5177088,STOCK_1050_PE,54.0,10,BUY
1756736383.597166,STOCK_1050_PE,54.0,4,BUY
1756736383.6752136,STOCK_1050_PE,53.6,10,BUY
1756736383.7501464,STOCK_1050_PE,53.6,1,BUY
1756736383.824327,STOCK_1050_PE,52.95,10,BUY
1756736383.8986113,STOCK_1050_PE,52.95,10,BUY
1756736383.9927282,STOCK_1050_PE,52.95,7,BUY
1756736384.0814972,STOCK_1050_PE,52.7,10,BUY
1756736384.1603093,STOCK_1050_PE,52.7,10,BUY
1756736384.2311234,STOCK_1050_PE,52.7,10,BUY
1756736384.2998853,STOCK_1050_PE,52.7,10,BUY
1756736384.3713138,STOCK_1050_PE,52.7,2,BUY
1756736384.4427636,STOCK_1050_PE,54.2,10,BUY
1756736384.5120752,STOCK_1050_PE,54.2,10,BUY
1756736384.5814772,STOCK_1050_PE,54.2,10,BUY
1756736384.651204,STOCK_1050_PE,54.2,10,BUY
1756736384.721308,STOCK_1050_PE,53.15,10,BUY
1756736384.7930458,STOCK_1050_PE,53.15,10,BUY
1756736384.862502,STOCK_1050_PE,53.15,10,BUY
1756736384.9321244,STOCK_1050_PE,53.15,4,BUY
1756736385.0006714,STOCK_1050_PE,52.85,10,BUY
1756736385.0681007,STOCK_1050_PE,52.85,10,BUY
1756736385.1357696,STOCK_1050_PE,52.85,10,BUY
1756736385.2067554,STOCK_1050_PE,52.85,10,BUY
1756736385.280332,STOCK_1050_PE,52.85,1,BUY
1756736385.3539793,STOCK_1050_PE,53.75,10,BUY
1756736385.4285417,STOCK_1050_PE,53.75,8,BUY
1756736385.5010495,STOCK_1050_PE,53.3,10,BUY
1756736385.5745168,STOCK_1050_PE,53.3,10,BUY
1756736385.647023,STOCK_1050_PE,53.3,10,BUY
1756736385.721667,STOCK_1050_PE,53.3,1,BUY
1756736385.7958813,STOCK_1050_PE,53.6,6,BUY
1756736385.8682253,STOCK_1050_PE,53.4,8,BUY
1756736385.9423525,STOCK_1050_PE,53.15,10,BUY
1756736386.0154235,STOCK_1050_PE,53.15,10,BUY
1756736386.0862505,STOCK_1050_PE,53.15,10,BUY
1756736386.1604228,STOCK_1050_PE,53.15,2,BUY
1756736386.2369778,STOCK_1050_PE,53.5,5,BUY
1756736386.3100421,STOCK_1050_PE,53.7,10,BUY
1756736386.3845158,STOCK_1050_PE,53.7,10,BUY
1756736386.4575298,STOCK_1050_PE,53.7,10,BUY
1756736386.5330532,STOCK_1050_PE,53.7,9,BUY
1756736386.6037335,STOCK_1050_PE,53.8,10,BUY
1756736386.677515,STOCK_1050_PE,53.8,10,BUY
1756736386.7504215,STOCK_1050_PE,53.8,10,BUY
1756736386.8237503,STOCK_1050_PE,53.8,5,BUY
1756736386.8973098,STOCK_1050_PE,53.7,10,BUY
1756736386.9702094,STOCK_1050_PE,53.7,4,BUY
1756736387.044825,STOCK_1050_PE,53.8,10,BUY
1756736387.1204014,STOCK_1050_PE,53.8,10,BUY
1756736387.1978922,STOCK_1050_PE,53.8,10,BUY
1756736387.269175,STOCK_1050_PE,53.8,8,BUY
1756736387.3428626,STOCK_1050_PE,54.25,10,BUY
1756736387.417543,STOCK_1050_PE,54.25,10,BUY
1756736387.4941852,STOCK_1050_PE,54.25,1,BUY
1756736387.5714927,STOCK_1050_PE,52.6,2,BUY
1756736387.6462665,STOCK_1050_PE,53.2,10,BUY
1756736387.72724,STOCK_1050_PE,53.2,10,BUY
1756736387.80785,STOCK_1050_PE,53.2,10,BUY
1756736387.894228,STOCK_1050_PE,53.2,9,BUY
1756736387.972268,STOCK_1050_PE,53.05,10,BUY
1756736388.0496056,STOCK_1050_PE,53.05,10,BUY
1756736388.1322677,STOCK_1050_PE,53.05,10,BUY
1756736388.234848,STOCK_1050_PE,53.05,10,BUY
1756736388.3094509,STOCK_1050_PE,53.05,3,BUY
1756736388.3822234,STOCK_1050_PE,52.7,10,BUY
1756736388.4574227,STOCK_1050_PE,52.7,10,BUY
1756736388.532153,STOCK_1050_PE,52.7,10,BUY
1756736388.6056712,STOCK_1050_PE,52.7,9,BUY
1756736389.122875,STOCK_1080_PE,53.15,10,BUY
1756736389.1984103,STOCK_1080_PE,53.15,4,BUY
1756736389.3095949,STOCK_1080_PE,53.35,10,BUY
1756736389.4104435,STOCK_1080_PE,53.35,10,BUY
1756736389.5039124,STOCK_1080_PE,53.35,10,BUY
1756736389.5866857,STOCK_1080_PE,53.35,5,BUY
1756736389.6755512,STOCK_1080_PE,53.7,10,BUY
1756736389.7618005,STOCK_1080_PE,53.7,10,BUY
1756736389.8376548,STOCK_1080_PE,53.7,5,BUY
1756736389.9188406,STOCK_1080_PE,53.85,10,BUY
1756736389.9964495,STOCK_1080_PE,53.85,10,BUY
1756736390.082949,STOCK_1080_PE,53.85,10,BUY
1756736390.1769612,STOCK_1080_PE,53.85,5,BUY
1756736390.276985,STOCK_1080_PE,53.45,10,BUY
1756736390.3664424,STOCK_1080_PE,53.45,10,BUY
1756736390.4617636,STOCK_1080_PE,53.45,10,BUY
1756736390.5463016,STOCK_1080_PE,53.45,9,BUY
1756736390.620176,STOCK_1080_PE,53.95,10,BUY
1756736390.6890817,STOCK_1080_PE,53.95,10,BUY
1756736390.7600408,STOCK_1080_PE,53.95,10,BUY
1756736390.8313901,STOCK_1080_PE,53.95,1,BUY
1756736390.9004946,STOCK_1080_PE,54.0,10,BUY
1756736390.971154,STOCK_1080_PE,54.0,10,BUY
1756736391.0642877,STOCK_1080_PE,54.0,10,BUY
1756736391.1452157,STOCK_1080_PE,54.0,4,BUY
1756736391.2161992,STOCK_1080_PE,53.6,10,BUY
1756736391.283085,STOCK_1080_PE,53.6,10,BUY
1756736391.3496606,STOCK_1080_PE,54.15,10,BUY
1756736391.4198449,STOCK_1080_PE,54.15,10,BUY
1756736391.4910898,STOCK_1080_PE,54.15,2,BUY
1756736391.5582943,STOCK_1080_PE,54.3,10,BUY
1756736391.6257522,STOCK_1080_PE,54.3,10,BUY
1756736391.6939561,STOCK_1080_PE,54.3,3,BUY
1756736391.7634578,STOCK_1080_PE,54.35,10,BUY
1756736391.8367665,STOCK_1080_PE,54.35,10,BUY
1756736391.9105308,STOCK_1080_PE,54.35,10,BUY
1756736391.9820962,STOCK_1080_PE,54.35,4,BUY
1756736392.0518718,STOCK_1080_PE,53.25,5,BUY
1756736392.1198907,STOCK_1080_PE,54.4,10,BUY
1756736392.1886234,STOCK_1080_PE,54.4,5,BUY
1756736392.2581265,STOCK_1080_PE,53.8,10,BUY
1756736392.32666,STOCK_1080_PE,53.8,10,BUY
1756736392.3960273,STOCK_1080_PE,53.8,10,BUY
1756736392.4813087,STOCK_1080_PE,53.8,10,BUY
1756736392.550736,STOCK_1080_PE,53.8,9,BUY
1756736392.6220014,STOCK_1080_PE,54.45,10,BUY
1756736392.6902502,STOCK_1080_PE,54.45,10,BUY
1756736392.759604,STOCK_1080_PE,54.45,10,BUY
1756736392.8300517,STOCK_1080_PE,54.45,10,BUY
1756736392.9042275,STOCK_1080_PE,54.45,8,BUY
1756736392.9807885,STOCK_1080_PE,54.65,10,BUY
1756736393.0540848,STOCK_1080_PE,54.65,10,BUY
1756736393.1241047,STOCK_1080_PE,53.75,10,BUY
1756736393.1952615,STOCK_1080_PE,53.75,3,BUY
1756736393.263358,STOCK_1080_PE,54.4,10,BUY
1756736393.3314297,STOCK_1080_PE,54.4,10,BUY
1756736393.3996823,STOCK_1080_PE,54.4,10,BUY
1756736393.4735017,STOCK_1080_PE,54.4,10,BUY
1756736393.5474217,STOCK_1080_PE,54.4,3,BUY
1756736393.6192234,STOCK_1080_PE,53.1,10,BUY
1756736393.6900582,STOCK_1080_PE,53.1,10,BUY
1756736393.7620442,STOCK_1080_PE,53.1,10,BUY
1756736393.837006,STOCK_1080_PE,53.1,10,BUY
1756736393.9089549,STOCK_1080_PE,53.1,1,BUY
1756736393.9804413,STOCK_1080_PE,53.9,10,BUY
1756736394.0492225,STOCK_1080_PE,53.9,10,BUY
1756736394.117852,STOCK_1080_PE,53.9,10,BUY
1756736394.1886292,STOCK_1080_PE,53.9,10,BUY
1756736394.257742,STOCK_1080_PE,53.9,1,BUY
1756736394.328421,STOCK_1080_PE,54.45,10,BUY
1756736394.3983023,STOCK_1080_PE,54.45,10,BUY
1756736394.468145,STOCK_1080_PE,54.45,10,BUY
1756736394.5368116,STOCK_1080_PE,54.45,9,BUY
1756736394.6057253,STOCK_1080_PE,53.25,10,BUY
1756736394.6736436,STOCK_1080_PE,53.25,10,BUY
1756736394.7428012,STOCK_1080_PE,53.25,10,BUY
1756736394.8127437,STOCK_1080_PE,53.25,1,BUY
1756736394.8846734,STOCK_1080_PE,54.65,2,BUY
1756736394.8861034,STOCK_1080_PE,54.65,8,BUY
1756736394.9559743,STOCK_1080_PE,53.3,10,BUY
1756736395.0268202,STOCK_1080_PE,53.3,10,BUY
1756736395.0958989,STOCK_1080_PE,53.35,8,BUY
1756736395.163715,STOCK_1080_PE,54.45,1,BUY
1756736395.2335842,STOCK_1080_PE,54.05,10,BUY
1756736395.3011956,STOCK_1080_PE,54.05,9,BUY
1756736395.3699188,STOCK_1080_PE,54.7,10,BUY
1756736395.4372182,STOCK_1080_PE,54.7,10,BUY
1756736395.5077245,STOCK_1080_PE,54.7,10,BUY
1756736395.5760484,STOCK_1080_PE,54.7,10,BUY
1756736395.6439834,STOCK_1080_PE,54.7,2,BUY
1756736395.6457634,STOCK_1080_PE,54.7,8,BUY
1756736395.717466,STOCK_1080_PE,54.7,10,BUY
1756736395.790123,STOCK_1080_PE,54.7,10,BUY
1756736395.8608885,STOCK_1080_PE,54.7,10,BUY
1756736395.93082,STOCK_1080_PE,54.7,9,BUY
1756736395.9989288,STOCK_1080_PE,53.85,10,BUY
1756736396.06758,STOCK_1080_PE,53.85,10,BUY
1756736396.1367757,STOCK_1080_PE,53.85,2,BUY
1756736396.2093074,STOCK_1080_PE,53.5,10,BUY
1756736396.28264,STOCK_1080_PE,53.5,10,BUY
1756736396.3532875,STOCK_1080_PE,53.5,8,BUY
1756736396.4244142,STOCK_1080_PE,53.5,10,BUY
1756736396.495847,STOCK_1080_PE,53.5,10,BUY
1756736396.5837142,STOCK_1080_PE,53.5,10,BUY
1756736396.652881,STOCK_1080_PE,53.5,9,BUY
1756736396.723573,STOCK_1080_PE,53.85,10,BUY
1756736396.792773,STOCK_1080_PE,53.85,10,BUY
1756736396.8610597,STOCK_1080_PE,53.85,10,BUY
1756736396.9305334,STOCK_1080_PE,53.85,10,BUY
1756736397.001877,STOCK_1080_PE,53.85,9,BUY
1756736397.0731816,STOCK_1080_PE,54.05,10,BUY
1756736397.1447358,STOCK_1080_PE,54.05,10,BUY
1756736397.2187808,STOCK_1080_PE,54.05,8,BUY
1756736397.2908335,STOCK_1080_PE,54.75,10,BUY
1756736397.360177,STOCK_1080_PE,54.75,10,BUY
1756736397.4326446,STOCK_1080_PE,54.75,3,BUY
1756736397.505229,STOCK_1080_PE,53.55,10,BUY
1756736397.5741436,STOCK_1080_PE,53.55,10,BUY
1756736397.644203,STOCK_1080_PE,53.55,10,BUY
1756736397.7139344,STOCK_1080_PE,53.55,7,BUY
1756736397.7819095,STOCK_1080_PE,54.8,10,BUY
1756736397.84955,STOCK_1080_PE,54.8,1,BUY
1756736397.8512619,STOCK_1080_PE,54.8,9,BUY
1756736397.9200222,STOCK_1080_PE,54.8,2,BUY
1756736397.9882615,STOCK_1080_PE,54.85,10,BUY
1756736398.0562382,STOCK_1080_PE,54.85,5,BUY
1756736398.1247733,STOCK_1080_PE,54.0,10,BUY
1756736398.1940095,STOCK_1080_PE,54.0,10,BUY
1756736398.2625282,STOCK_1080_PE,54.0,10,BUY
1756736398.3319147,STOCK_1080_PE,54.0,10,BUY
1756736398.4004893,STOCK_1080_PE,54.0,10,BUY
1756736398.4679008,STOCK_1080_PE,53.65,10,BUY
1756736398.5361636,STOCK_1080_PE,53.65,10,BUY
1756736398.6092606,STOCK_1080_PE,53.65,10,BUY
1756736398.6763663,STOCK_1080_PE,53.65,3,BUY
1756736398.7434714,STOCK_1080_PE,53.3,10,BUY
1756736398.8114822,STOCK_1080_PE,53.3,10,BUY
1756736398.895671,STOCK_1080_PE,54.95,10,BUY
1756736398.9632773,STOCK_1080_PE,54.15,10,BUY
1756736399.0300722,STOCK_1080_PE,54.15,6,BUY
1756736399.0981097,STOCK_1080_PE,53.2,10,BUY
1756736399.1661522,STOCK_1080_PE,53.2,10,BUY
1756736399.2353373,STOCK_1080_PE,53.2,10,BUY
1756736399.3001142,STOCK_1080_PE,53.2,10,BUY
1756736399.3666325,STOCK_1080_PE,53.4,10,BUY
1756736399.4324,STOCK_1080_PE,53.4,10,BUY
1756736399.4991832,STOCK_1080_PE,53.4,10,BUY
1756736399.5657578,STOCK_1080_PE,53.4,5,BUY
1756736399.632803,STOCK_1080_PE,54.15,10,BUY
1756736399.7005725,STOCK_1080_PE,54.15,10,BUY
1756736399.7666261,STOCK_1080_PE,54.15,2,BUY
1756736399.833419,STOCK_1080_PE,53.55,10,BUY
1756736399.9010782,STOCK_1080_PE,53.55,6,BUY
1756736399.9691768,STOCK_1080_PE,53.6,10,BUY
1756736400.0413706,STOCK_1080_PE,53.6,6,BUY
1756736400.1069024,STOCK_1080_PE,54.95,7,BUY
1756736400.1737785,STOCK_1080_PE,54.45,10,BUY
1756736400.2434454,STOCK_1080_PE,54.45,10,BUY
1756736400.3116772,STOCK_1080_PE,54.45,10,BUY
1756736400.377974,STOCK_1080_PE,54.45,3,BUY
1756736400.4452405,STOCK_1080_PE,53.55,10,BUY
1756736400.5133665,STOCK_1080_PE,53.55,2,BUY
1756736400.5816104,STOCK_1080_PE,54.55,10,BUY
1756736400.6472464,STOCK_1080_PE,54.55,10,BUY
1756736400.713778,STOCK_1080_PE,54.55,10,BUY
1756736400.7807803,STOCK_1080_PE,54.55,9,BUY
1756736400.8490903,STOCK_1080_PE,53.1,10,BUY
1756736400.9166203,STOCK_1080_PE,53.1,1,BUY
1756736400.984169,STOCK_1080_PE,54.25,2,BUY
1756736401.0504656,STOCK_1080_PE,54.75,10,BUY
1756736401.1168182,STOCK_1080_PE,54.75,10,BUY
1756736401.1830418,STOCK_1080_PE,54.75,10,BUY
1756736401.2512815,STOCK_1080_PE,54.75,6,BUY
1756736401.31876,STOCK_1080_PE,53.35,10,BUY
1756736401.3868947,STOCK_1080_PE,53.35,7,BUY
1756736401.453372,STOCK_1080_PE,54.5,10,BUY
1756736401.5230696,STOCK_1080_PE,54.5,10,BUY
1756736401.5902388,STOCK_1080_PE,54.5,4,BUY
1756736401.6568198,STOCK_1080_PE,53.8,10,BUY
1756736401.7231083,STOCK_1080_PE,53.8,10,BUY
1756736401.788891,STOCK_1080_PE,53.8,10,BUY
1756736401.853962,STOCK_1080_PE,53.8,10,BUY
1756736401.9191897,STOCK_1080_PE,53.8,7,BUY
1756736401.985541,STOCK_1080_PE,53.65,10,BUY
1756736402.052102,STOCK_1080_PE,53.65,10,BUY
1756736402.119715,STOCK_1080_PE,53.65,10,BUY
1756736402.186558,STOCK_1080_PE,53.65,3,BUY
1756736402.2551785,STOCK_1080_PE,53.7,10,BUY
1756736402.3217506,STOCK_1080_PE,53.7,10,BUY
1756736402.3882687,STOCK_1080_PE,53.7,10,BUY
1756736402.4567184,STOCK_1080_PE,53.7,5,BUY
1756736402.5236306,STOCK_1080_PE,54.6,10,BUY
1756736402.5931067,STOCK_1080_PE,54.6,10,BUY
1756736402.6579177,STOCK_1080_PE,54.6,10,BUY
1756736402.7260401,STOCK_1080_PE,54.6,10,BUY
1756736402.7933402,STOCK_1080_PE,53.95,3,BUY
1756736402.8601165,STOCK_1080_PE,54.75,10,BUY
1756736402.9245138,STOCK_1080_PE,54.75,10,BUY
1756736402.9924326,STOCK_1080_PE,54.75,10,BUY
1756736403.0626702,STOCK_1080_PE,54.75,10,BUY
1756736403.132593,STOCK_1080_PE,54.75,1,BUY
1756736403.2198296,STOCK_1080_PE,54.35,10,BUY
1756736403.2881727,STOCK_1080_PE,54.35,10,BUY
1756736403.3568058,STOCK_1080_PE,54.35,10,BUY
1756736403.4253721,STOCK_1080_PE,54.35,10,BUY
1756736403.4920309,STOCK_1080_PE,54.35,10,BUY
1756736403.5669644,STOCK_1080_PE,53.85,10,BUY
1756736403.6396542,STOCK_1080_PE,53.85,10,BUY
1756736403.7088022,STOCK_1080_PE,53.85,10,BUY
1756736403.777292,STOCK_1080_PE,53.85,4,BUY
1756736403.8454556,STOCK_1080_PE,53.85,10,BUY
1756736403.91224,STOCK_1080_PE,53.85,10,BUY
1756736403.9799094,STOCK_1080_PE,53.85,10,BUY
1756736404.0483098,STOCK_1080_PE,53.85,9,BUY
1756736404.1184182,STOCK_1080_PE,54.3,10,BUY
1756736404.1922987,STOCK_1080_PE,54.3,10,BUY
1756736404.2653832,STOCK_1080_PE,54.3,8,BUY
1756736404.3370464,STOCK_1080_PE,54.45,10,BUY
1756736404.406961,STOCK_1080_PE,54.45,10,BUY
1756736404.477187,STOCK_1080_PE,54.45,10,BUY
1756736404.5483007,STOCK_1080_PE,54.45,10,BUY
1756736404.616991,STOCK_1080_PE,54.45,4,BUY
1756736404.6847534,STOCK_1080_PE,54.65,10,BUY
1756736404.7519147,STOCK_1080_PE,54.65,10,BUY
1756736404.8224895,STOCK_1080_PE,54.85,10,BUY
1756736404.8914587,STOCK_1080_PE,54.85,10,BUY
1756736404.9624527,STOCK_1080_PE,54.85,10,BUY
1756736405.0315673,STOCK_1080_PE,54.85,10,BUY
1756736405.1002285,STOCK_1080_PE,53.75,8,BUY
1756736405.1687508,STOCK_1080_PE,54.25,10,BUY
1756736405.2389655,STOCK_1080_PE,54.25,6,BUY
1756736405.3051593,STOCK_1080_PE,54.4,10,BUY
1756736405.3735166,STOCK_1080_PE,54.4,10,BUY
1756736405.4507794,STOCK_1080_PE,54.4,9,BUY
1756736405.5236943,STOCK_1080_PE,54.1,10,BUY
1756736405.6155605,STOCK_1080_PE,54.2,10,BUY
1756736405.6862152,STOCK_1080_PE,54.2,10,BUY
1756736405.7553005,STOCK_1080_PE,54.2,7,BUY
1756736405.8266377,STOCK_1080_PE,53.7,10,BUY
1756736405.899008,STOCK_1080_PE,53.7,10,BUY
1756736405.9690533,STOCK_1080_PE,53.7,10,BUY
1756736406.041545,STOCK_1080_PE,53.7,10,BUY
1756736406.11303,STOCK_1080_PE,53.7,6,BUY
1756736406.1822717,STOCK_1080_PE,54.3,10,BUY
1756736406.2572453,STOCK_1080_PE,54.3,9,BUY
1756736406.332637,STOCK_1080_PE,54.4,10,BUY
1756736406.4009159,STOCK_1080_PE,54.4,10,BUY
1756736406.4698148,STOCK_1080_PE,54.4,10,BUY
1756736406.5394535,STOCK_1080_PE,53.25,7,BUY
1756736406.6090455,STOCK_1080_PE,53.1,10,BUY
1756736406.6786685,STOCK_1080_PE,53.1,10,BUY
1756736406.7482963,STOCK_1080_PE,53.1,10,BUY
1756736406.8170125,STOCK_1080_PE,53.1,10,BUY
1756736406.8835459,STOCK_1080_PE,53.1,1,BUY
1756736406.954858,STOCK_1080_PE,54.1,10,BUY
1756736407.0256512,STOCK_1080_PE,54.1,6,BUY
1756736407.0960453,STOCK_1080_PE,53.4,10,BUY
1756736407.1656952,STOCK_1080_PE,53.4,10,BUY
1756736407.2349973,STOCK_1080_PE,53.4,10,BUY
1756736407.3023076,STOCK_1080_PE,53.4,10,BUY
1756736407.370332,STOCK_1080_PE,53.4,9,BUY
1756736407.438308,STOCK_1080_PE,53.75,8,BUY
1756736407.5079374,STOCK_1080_PE,55.0,10,BUY
1756736407.592689,STOCK_1080_PE,55.0,8,BUY
1756736407.5944521,STOCK_1080_PE,55.0,2,BUY
1756736407.6622236,STOCK_1080_PE,55.0,10,BUY
1756736407.729883,STOCK_1080_PE,55.0,10,BUY
1756736407.7979522,STOCK_1080_PE,55.0,10,BUY
1756736407.8664458,STOCK_1080_PE,55.0,7,BUY
1756736407.868292,STOCK_1080_PE,55.0,3,BUY
1756736407.9363415,STOCK_1080_PE,55.0,10,BUY
1756736408.0071905,STOCK_1080_PE,55.0,7,BUY
1756736408.0091317,STOCK_1080_PE,55.0,3,BUY
1756736408.0799801,STOCK_1080_PE,55.0,10,BUY
1756736408.1505375,STOCK_1080_PE,55.0,10,BUY
1756736408.221182,STOCK_1080_PE,55.0,1,BUY
1756736408.2228014,STOCK_1080_PE,55.0,9,BUY
1756736408.2913942,STOCK_1080_PE,55.0,10,BUY
1756736408.3604991,STOCK_1080_PE,55.0,1,BUY
1756736408.3619356,STOCK_1080_PE,55.0,9,BUY
1756736408.4294758,STOCK_1080_PE,55.0,10,BUY
1756736408.4964445,STOCK_1080_PE,55.0,10,BUY
1756736408.5669851,STOCK_1080_PE,55.0,3,BUY
1756736408.6397324,STOCK_1080_PE,54.75,10,BUY
1756736408.7065907,STOCK_1080_PE,54.75,10,BUY
1756736408.777008,STOCK_1080_PE,54.75,10,BUY
1756736408.8470476,STOCK_1080_PE,54.75,10,BUY
1756736408.9169383,STOCK_1080_PE,54.15,2,BUY
1756736408.988001,STOCK_1080_PE,53.55,10,BUY
1756736409.0598023,STOCK_1080_PE,53.55,10,BUY
1756736409.1340687,STOCK_1080_PE,53.55,10,BUY
1756736409.2069712,STOCK_1080_PE,53.55,9,BUY
1756736409.2748463,STOCK_1080_PE,54.15,10,BUY
1756736409.342204,STOCK_1080_PE,54.15,10,BUY
1756736409.4114718,STOCK_1080_PE,54.15,1,BUY
1756736409.4825642,STOCK_1080_PE,54.4,10,BUY
1756736409.5552785,STOCK_1080_PE,54.4,10,BUY
1756736409.6271477,STOCK_1080_PE,54.4,10,BUY
1756736409.6963618,STOCK_1080_PE,53.25,1,BUY
1756736409.763073,STOCK_1080_PE,53.7,10,BUY
1756736409.8318129,STOCK_1080_PE,53.7,8,BUY
1756736409.8974283,STOCK_1080_PE,54.95,10,BUY
1756736409.9647431,STOCK_1080_PE,54.95,2,BUY
1756736410.0311778,STOCK_1080_PE,55.05,10,BUY
1756736410.0999749,STOCK_1080_PE,55.05,10,BUY
1756736410.1691322,STOCK_1080_PE,55.05,10,BUY
1756736410.2378683,STOCK_1080_PE,55.05,4,BUY
1756736410.3029244,STOCK_1080_PE,54.55,10,BUY
1756736410.36964,STOCK_1080_PE,54.55,10,BUY
1756736410.4395766,STOCK_1080_PE,54.55,10,BUY
1756736410.509276,STOCK_1080_PE,54.55,10,BUY
1756736410.5803602,STOCK_1080_PE,54.55,2,BUY
1756736410.6520803,STOCK_1080_PE,54.95,10,BUY
1756736410.7208447,STOCK_1080_PE,54.95,2,BUY
1756736410.7898116,STOCK_1080_PE,53.65,10,BUY
1756736410.8614302,STOCK_1080_PE,53.65,8,BUY
1756736410.9293308,STOCK_1080_PE,53.8,10,BUY
1756736411.000881,STOCK_1080_PE,53.8,6,BUY
1756736411.0695615,STOCK_1080_PE,54.3,7,BUY
1756736411.1382444,STOCK_1080_PE,53.75,10,BUY
1756736411.2051466,STOCK_1080_PE,53.75,10,BUY
1756736411.273956,STOCK_1080_PE,53.75,10,BUY
1756736411.3429103,STOCK_1080_PE,53.75,6,BUY
1756736411.411094,STOCK_1080_PE,54.15,10,BUY
1756736411.4785159,STOCK_1080_PE,54.15,10,BUY
1756736411.5461187,STOCK_1080_PE,54.15,10,BUY
1756736411.612621,STOCK_1080_PE,54.15,2,BUY
1756736411.6815257,STOCK_1080_PE,54.55,10,BUY
1756736411.748853,STOCK_1080_PE,54.55,4,BUY
1756736411.8154478,STOCK_1080_PE,54.2,10,BUY
1756736411.8829484,STOCK_1080_PE,54.2,8,BUY
1756736411.950866,STOCK_1080_PE,54.55,10,BUY
1756736412.0176084,STOCK_1080_PE,54.55,7,BUY
1756736412.1015134,STOCK_1080_PE,53.4,9,BUY
1756736412.1686497,STOCK_1080_PE,53.5,10,BUY
1756736412.2367504,STOCK_1080_PE,53.5,10,BUY
1756736412.303263,STOCK_1080_PE,53.5,10,BUY
1756736412.3707805,STOCK_1080_PE,53.5,5,BUY
1756736412.4369874,STOCK_1080_PE,54.6,10,BUY
1756736412.5029035,STOCK_1080_PE,54.6,10,BUY
1756736412.568723,STOCK_1080_PE,54.6,8,BUY
1756736412.6367903,STOCK_1080_PE,53.25,1,BUY
1756736412.7048266,STOCK_1080_PE,53.3,10,BUY
1756736412.7697308,STOCK_1080_PE,53.3,10,BUY
1756736412.836331,STOCK_1080_PE,53.3,10,BUY
1756736412.9053044,STOCK_1080_PE,53.3,10,BUY
1756736412.9741755,STOCK_1080_PE,53.3,1,BUY
1756736413.044076,STOCK_1080_PE,54.7,10,BUY
1756736413.111077,STOCK_1080_PE,54.7,10,BUY
1756736413.1803036,STOCK_1080_PE,54.7,10,BUY
1756736413.2530181,STOCK_1080_PE,54.7,2,BUY
1756736413.324706,STOCK_1080_PE,54.45,9,BUY
1756736413.3973713,STOCK_1080_PE,54.85,6,BUY
1756736413.4705334,STOCK_1080_PE,53.9,10,BUY
1756736413.5446382,STOCK_1080_PE,53.9,10,BUY
1756736413.617775,STOCK_1080_PE,53.9,9,BUY
1756736413.6957173,STOCK_1080_PE,53.45,10,BUY
1756736413.7753565,STOCK_1080_PE,53.45,10,BUY
1756736413.8514748,STOCK_1080_PE,53.45,4,BUY
1756736413.9269385,STOCK_1080_PE,54.5,10,BUY
1756736414.0015757,STOCK_1080_PE,54.5,10,BUY
1756736414.0774655,STOCK_1080_PE,54.5,3,BUY
1756736414.1516554,STOCK_1080_PE,54.15,10,BUY
1756736414.2285438,STOCK_1080_PE,54.15,10,BUY
1756736414.3036976,STOCK_1080_PE,54.15,10,BUY
1756736414.382257,STOCK_1080_PE,54.15,10,BUY
1756736414.456259,STOCK_1080_PE,54.15,8,BUY
1756736414.529433,STOCK_1080_PE,53.45,10,BUY
1756736414.5979898,STOCK_1080_PE,53.45,10,BUY
1756736414.667725,STOCK_1080_PE,53.1,10,BUY
1756736414.735115,STOCK_1080_PE,53.1,10,BUY
1756736414.8053887,STOCK_1080_PE,53.1,7,BUY
1756736414.877395,STOCK_1080_PE,54.8,10,BUY
1756736414.9537866,STOCK_1080_PE,54.8,10,BUY
1756736415.0263147,STOCK_1080_PE,54.8,10,BUY
1756736415.0955296,STOCK_1080_PE,54.8,9,BUY
1756736415.1660278,STOCK_1080_PE,53.9,10,BUY
1756736415.246066,STOCK_1080_PE,53.9,10,BUY
1756736415.3209567,STOCK_1080_PE,53.9,10,BUY
1756736415.3940234,STOCK_1080_PE,53.9,10,BUY
1756736415.4658215,STOCK_1080_PE,53.9,8,BUY
1756736415.5416334,STOCK_1080_PE,54.8,10,BUY
1756736417.1352434,STOCK_1065_PE,52.35,10,BUY
1756736417.20441,STOCK_1065_PE,52.35,10,BUY
1756736417.27203,STOCK_1065_PE,52.35,10,BUY
1756736417.3379307,STOCK_1065_PE,52.35,8,BUY
1756736417.4089313,STOCK_1065_PE,52.55,10,BUY
1756736417.4762506,STOCK_1065_PE,52.55,3,BUY
1756736417.4778385,STOCK_1065_PE,52.55,7,BUY
1756736417.546977,STOCK_1065_PE,52.55,10,BUY
1756736417.6133056,STOCK_1065_PE,52.55,4,BUY
1756736417.680354,STOCK_1065_PE,52.5,10,BUY
1756736417.7514677,STOCK_1065_PE,52.5,10,BUY
1756736417.8197153,STOCK_1065_PE,52.5,10,BUY
1756736417.8891084,STOCK_1065_PE,52.5,1,BUY
1756736417.9569294,STOCK_1065_PE,52.65,10,BUY
1756736418.0227184,STOCK_1065_PE,52.65,10,BUY
1756736418.0917304,STOCK_1065_PE,52.65,10,BUY
1756736418.1629493,STOCK_1065_PE,52.65,3,BUY
1756736418.236188,STOCK_1065_PE,52.8,10,BUY
1756736418.3077967,STOCK_1065_PE,52.8,10,BUY
1756736418.3754144,STOCK_1065_PE,52.8,10,BUY
1756736418.4461365,STOCK_1065_PE,52.8,1,BUY
1756736418.4477174,STOCK_1065_PE,52.8,9,BUY
1756736418.5148175,STOCK_1065_PE,52.8,10,BUY
1756736418.584381,STOCK_1065_PE,52.8,10,BUY
1756736418.6537843,STOCK_1065_PE,52.8,10,BUY
1756736418.725539,STOCK_1065_PE,52.8,1,BUY
1756736418.7948613,STOCK_1065_PE,53.0,10,BUY
1756736418.8627613,STOCK_1065_PE,53.0,1,BUY
1756736418.9320936,STOCK_1065_PE,53.3,10,BUY
1756736419.004481,STOCK_1065_PE,53.3,10,BUY
1756736419.074155,STOCK_1065_PE,53.3,10,BUY
1756736419.1432798,STOCK_1065_PE,53.3,4,BUY
1756736419.1448815,STOCK_1065_PE,53.3,6,BUY
1756736419.2139864,STOCK_1065_PE,53.3,10,BUY
1756736419.2819405,STOCK_1065_PE,53.3,10,BUY
1756736419.3509517,STOCK_1065_PE,53.3,2,BUY
1756736419.4188888,STOCK_1065_PE,52.45,10,BUY
1756736419.4857314,STOCK_1065_PE,52.45,10,BUY
1756736419.5526893,STOCK_1065_PE,52.45,10,BUY
1756736419.621621,STOCK_1065_PE,52.45,10,BUY
1756736419.6871018,STOCK_1065_PE,52.45,6,BUY
1756736419.7567823,STOCK_1065_PE,53.4,1,BUY
1756736419.7585232,STOCK_1065_PE,53.4,9,BUY
1756736419.8248324,STOCK_1065_PE,53.4,10,BUY
1756736419.8931878,STOCK_1065_PE,53.4,10,BUY
1756736419.961625,STOCK_1065_PE,53.4,8,BUY
1756736420.0294013,STOCK_1065_PE,53.5,10,BUY
1756736420.098539,STOCK_1065_PE,53.5,10,BUY
1756736420.1655915,STOCK_1065_PE,53.5,9,BUY
1756736420.2340188,STOCK_1065_PE,53.15,10,BUY
1756736420.30413,STOCK_1065_PE,53.15,10,BUY
1756736420.3712285,STOCK_1065_PE,53.15,10,BUY
1756736420.4418013,STOCK_1065_PE,53.15,10,BUY
1756736420.5140922,STOCK_1065_PE,53.15,1,BUY
1756736420.5858843,STOCK_1065_PE,53.1,10,BUY
1756736420.6559758,STOCK_1065_PE,53.1,6,BUY
1756736420.7273593,STOCK_1065_PE,53.55,10,BUY
1756736420.7967799,STOCK_1065_PE,53.55,10,BUY
1756736420.8685794,STOCK_1065_PE,53.55,10,BUY
1756736420.94161,STOCK_1065_PE,53.55,10,BUY
1756736421.0146043,STOCK_1065_PE,53.55,2,BUY
1756736421.0833251,STOCK_1065_PE,53.1,2,BUY
1756736421.1548257,STOCK_1065_PE,53.45,10,BUY
1756736421.2271247,STOCK_1065_PE,53.45,10,BUY
1756736421.3166814,STOCK_1065_PE,53.45,5,BUY
1756736421.3925052,STOCK_1065_PE,53.65,10,BUY
1756736421.4649312,STOCK_1065_PE,52.4,10,BUY
1756736421.5338852,STOCK_1065_PE,52.4,10,BUY
1756736421.6043448,STOCK_1065_PE,52.4,10,BUY
1756736421.6742406,STOCK_1065_PE,52.4,7,BUY
1756736421.7488654,STOCK_1065_PE,52.7,10,BUY
1756736421.8204777,STOCK_1065_PE,52.7,10,BUY
1756736421.8906684,STOCK_1065_PE,52.7,10,BUY
1756736421.9607983,STOCK_1065_PE,52.7,10,BUY
1756736422.0263946,STOCK_1065_PE,52.55,10,BUY
1756736422.0972414,STOCK_1065_PE,52.65,6,BUY
1756736422.1694684,STOCK_1065_PE,53.65,10,BUY
1756736422.2418957,STOCK_1065_PE,53.65,9,BUY
1756736422.2434964,STOCK_1065_PE,53.65,1,BUY
1756736422.3115706,STOCK_1065_PE,53.65,10,BUY
1756736422.3800385,STOCK_1065_PE,53.65,10,BUY
1756736422.449159,STOCK_1065_PE,53.65,7,BUY
1756736422.5179527,STOCK_1065_PE,53.0,10,BUY
1756736422.5857768,STOCK_1065_PE,53.0,5,BUY
1756736422.6566353,STOCK_1065_PE,53.85,10,BUY
1756736422.7229598,STOCK_1065_PE,53.85,10,BUY
1756736422.7926965,STOCK_1065_PE,53.85,10,BUY
1756736422.861735,STOCK_1065_PE,53.85,6,BUY
1756736422.9323063,STOCK_1065_PE,52.5,8,BUY
1756736423.0038323,STOCK_1065_PE,53.9,3,BUY
1756736423.0734367,STOCK_1065_PE,52.9,10,BUY
1756736423.1411612,STOCK_1065_PE,52.9,10,BUY
1756736423.2096758,STOCK_1065_PE,52.9,10,BUY
1756736423.2797675,STOCK_1065_PE,52.9,10,BUY
1756736423.3491073,STOCK_1065_PE,52.9,9,BUY
1756736423.4173627,STOCK_1065_PE,53.9,10,BUY
1756736423.4852498,STOCK_1065_PE,53.9,10,BUY
1756736423.5538785,STOCK_1065_PE,53.9,10,BUY
1756736423.6239557,STOCK_1065_PE,53.9,10,BUY
1756736423.6966848,STOCK_1065_PE,53.9,8,BUY
1756736423.7691445,STOCK_1065_PE,53.3,10,BUY
1756736423.8417804,STOCK_1065_PE,53.3,10,BUY
1756736423.9142742,STOCK_1065_PE,53.3,8,BUY
1756736423.9858735,STOCK_1065_PE,54.0,2,BUY
1756736424.059321,STOCK_1065_PE,53.3,10,BUY
1756736424.1313722,STOCK_1065_PE,53.3,2,BUY
1756736424.2039945,STOCK_1065_PE,52.45,10,BUY
1756736424.2749798,STOCK_1065_PE,52.45,10,BUY
1756736424.348502,STOCK_1065_PE,52.45,10,BUY
1756736424.4215577,STOCK_1065_PE,52.45,10,BUY
1756736424.4894354,STOCK_1065_PE,52.45,5,BUY
1756736424.5581813,STOCK_1065_PE,54.05,7,BUY
1756736424.627381,STOCK_1065_PE,52.45,10,BUY
1756736424.6966538,STOCK_1065_PE,52.45,10,BUY
1756736424.7647343,STOCK_1065_PE,52.45,10,BUY
1756736424.8339684,STOCK_1065_PE,52.45,8,BUY
1756736424.9038005,STOCK_1065_PE,54.1,10,BUY
1756736424.974965,STOCK_1065_PE,53.5,10,BUY
1756736425.0424693,STOCK_1065_PE,53.5,10,BUY
1756736425.111005,STOCK_1065_PE,53.5,10,BUY
1756736425.180243,STOCK_1065_PE,53.5,10,BUY
1756736425.248641,STOCK_1065_PE,53.5,8,BUY
1756736425.3192525,STOCK_1065_PE,53.45,10,BUY
1756736425.3879352,STOCK_1065_PE,53.45,10,BUY
1756736425.454925,STOCK_1065_PE,53.45,10,BUY
1756736425.53931,STOCK_1065_PE,53.45,9,BUY
1756736425.6082776,STOCK_1065_PE,54.1,10,BUY
1756736425.6742444,STOCK_1065_PE,54.1,7,BUY
1756736425.7429776,STOCK_1065_PE,52.95,10,BUY
1756736425.8113003,STOCK_1065_PE,52.95,10,BUY
1756736425.8799987,STOCK_1065_PE,52.95,10,BUY
1756736425.9476717,STOCK_1065_PE,52.95,10,BUY
1756736426.0164754,STOCK_1065_PE,52.95,10,BUY
1756736426.0833519,STOCK_1065_PE,53.55,10,BUY
1756736426.150199,STOCK_1065_PE,53.55,10,BUY
1756736426.2183652,STOCK_1065_PE,53.55,10,BUY
1756736426.286275,STOCK_1065_PE,53.55,10,BUY
1756736426.3533976,STOCK_1065_PE,53.55,5,BUY
1756736426.4194527,STOCK_1065_PE,54.0,6,BUY
1756736426.4857166,STOCK_1065_PE,52.45,10,BUY
1756736426.553448,STOCK_1065_PE,52.45,10,BUY
1756736426.6189182,STOCK_1065_PE,52.45,10,BUY
1756736426.6867692,STOCK_1065_PE,52.45,10,BUY
1756736426.7522943,STOCK_1065_PE,52.45,9,BUY
1756736426.820646,STOCK_1065_PE,53.85,3,BUY
1756736426.8864272,STOCK_1065_PE,52.95,10,BUY
1756736426.953906,STOCK_1065_PE,52.95,10,BUY
1756736427.0183408,STOCK_1065_PE,52.95,10,BUY
1756736427.0849776,STOCK_1065_PE,52.95,10,BUY
1756736427.1533942,STOCK_1065_PE,52.95,9,BUY
1756736427.2210734,STOCK_1065_PE,53.0,9,BUY
1756736427.2883136,STOCK_1065_PE,53.35,10,BUY
1756736427.3548396,STOCK_1065_PE,53.35,10,BUY
1756736427.4217565,STOCK_1065_PE,53.35,10,BUY
1756736427.4909334,STOCK_1065_PE,53.35,10,BUY
1756736427.5578084,STOCK_1065_PE,53.35,2,BUY
1756736427.6245046,STOCK_1065_PE,53.9,10,BUY
1756736427.6927123,STOCK_1065_PE,53.9,10,BUY
1756736427.760593,STOCK_1065_PE,53.9,10,BUY
1756736427.8301835,STOCK_1065_PE,53.9,9,BUY
1756736427.896994,STOCK_1065_PE,53.75,8,BUY
1756736427.9639208,STOCK_1065_PE,52.4,10,BUY
1756736428.0333354,STOCK_1065_PE,52.4,10,BUY
1756736428.1009457,STOCK_1065_PE,52.4,10,BUY
1756736428.1684854,STOCK_1065_PE,52.4,5,BUY
1756736428.2361515,STOCK_1065_PE,53.45,4,BUY
1756736428.3049397,STOCK_1065_PE,53.95,10,BUY
1756736428.3722432,STOCK_1065_PE,53.95,10,BUY
1756736428.4389093,STOCK_1065_PE,53.95,10,BUY
1756736428.5043457,STOCK_1065_PE,53.95,10,BUY
1756736428.5708666,STOCK_1065_PE,53.95,1,BUY
1756736428.6394856,STOCK_1065_PE,53.3,10,BUY
1756736428.7067213,STOCK_1065_PE,53.3,1,BUY
1756736428.772937,STOCK_1065_PE,52.9,10,BUY
1756736428.8401918,STOCK_1065_PE,52.9,9,BUY
1756736428.90766,STOCK_1065_PE,53.3,10,BUY
1756736428.9751534,STOCK_1065_PE,53.3,4,BUY
1756736429.0412445,STOCK_1065_PE,53.75,10,BUY
1756736429.1097827,STOCK_1065_PE,53.75,10,BUY
1756736429.1779382,STOCK_1065_PE,53.75,10,BUY
1756736429.2483082,STOCK_1065_PE,53.75,6,BUY
1756736429.3184867,STOCK_1065_PE,54.05,8,BUY
1756736429.3878074,STOCK_1065_PE,54.1,10,BUY
1756736429.4579446,STOCK_1065_PE,54.1,10,BUY
1756736429.5239477,STOCK_1065_PE,54.1,1,BUY
1756736429.5913885,STOCK_1065_PE,53.9,10,BUY
1756736429.6598725,STOCK_1065_PE,53.9,10,BUY
1756736429.7279973,STOCK_1065_PE,53.9,9,BUY
1756736429.7946882,STOCK_1065_PE,53.9,10,BUY
1756736429.863165,STOCK_1065_PE,53.9,4,BUY
1756736429.9309251,STOCK_1065_PE,52.4,10,BUY
1756736430.014168,STOCK_1065_PE,52.4,10,BUY
1756736430.0809937,STOCK_1065_PE,52.4,10,BUY
1756736430.147769,STOCK_1065_PE,52.4,10,BUY
1756736430.2140965,STOCK_1065_PE,52.4,2,BUY
1756736430.28095,STOCK_1065_PE,52.45,6,BUY
1756736430.3481896,STOCK_1065_PE,52.3,10,BUY
1756736430.4137504,STOCK_1065_PE,52.3,6,BUY
1756736430.481479,STOCK_1065_PE,52.6,8,BUY
1756736430.5487587,STOCK_1065_PE,52.65,10,BUY
1756736430.616487,STOCK_1065_PE,52.65,10,BUY
1756736430.6823797,STOCK_1065_PE,52.65,10,BUY
1756736430.7500584,STOCK_1065_PE,52.65,10,BUY
1756736430.8184729,STOCK_1065_PE,52.65,9,BUY
1756736430.8862925,STOCK_1065_PE,52.65,10,BUY
1756736430.954853,STOCK_1065_PE,52.65,10,BUY
1756736431.0224483,STOCK_1065_PE,52.65,10,BUY
1756736431.088462,STOCK_1065_PE,52.65,8,BUY
1756736431.1551628,STOCK_1065_PE,53.2,10,BUY
1756736431.223523,STOCK_1065_PE,53.2,10,BUY
1756736431.29193,STOCK_1065_PE,53.2,5,BUY
1756736431.3585606,STOCK_1065_PE,54.05,1,BUY
1756736431.4258456,STOCK_1065_PE,52.6,8,BUY
1756736431.4936438,STOCK_1065_PE,53.95,6,BUY
1756736431.5619717,STOCK_1065_PE,52.8,10,BUY
1756736431.62677,STOCK_1065_PE,52.8,10,BUY
1756736431.6930401,STOCK_1065_PE,52.8,10,BUY
1756736431.75881,STOCK_1065_PE,52.8,10,BUY
1756736431.8256097,STOCK_1065_PE,52.8,4,BUY
1756736431.8939984,STOCK_1065_PE,54.0,10,BUY
1756736431.9615555,STOCK_1065_PE,54.0,10,BUY
1756736432.0287473,STOCK_1065_PE,54.0,10,BUY
1756736432.096724,STOCK_1065_PE,54.0,10,BUY
1756736432.163768,STOCK_1065_PE,54.0,6,BUY
1756736432.2315059,STOCK_1065_PE,52.6,10,BUY
1756736432.2993786,STOCK_1065_PE,52.3,10,BUY
1756736432.365603,STOCK_1065_PE,52.3,10,BUY
1756736432.431919,STOCK_1065_PE,52.3,8,BUY
1756736432.499365,STOCK_1065_PE,53.7,2,BUY
1756736432.5660496,STOCK_1065_PE,52.65,10,BUY
1756736432.6329284,STOCK_1065_PE,52.65,10,BUY
1756736432.7010844,STOCK_1065_PE,52.65,3,BUY
1756736432.7684803,STOCK_1065_PE,53.15,10,BUY
1756736432.834944,STOCK_1065_PE,53.15,10,BUY
1756736432.9013002,STOCK_1065_PE,53.15,10,BUY
1756736432.9686344,STOCK_1065_PE,53.15,10,BUY
1756736433.0367813,STOCK_1065_PE,53.15,9,BUY
1756736433.105235,STOCK_1065_PE,53.85,7,BUY
1756736433.1729944,STOCK_1065_PE,53.5,10,BUY
1756736433.240575,STOCK_1065_PE,53.5,10,BUY
1756736433.30762,STOCK_1065_PE,53.5,10,BUY
1756736433.3741293,STOCK_1065_PE,53.5,10,BUY
1756736433.4433217,STOCK_1065_PE,53.5,7,BUY
1756736433.510591,STOCK_1065_PE,52.65,10,BUY
1756736433.5781374,STOCK_1065_PE,52.65,1,BUY
1756736433.6464825,STOCK_1065_PE,54.15,10,BUY
1756736433.71227,STOCK_1065_PE,54.15,7,BUY
1756736433.713946,STOCK_1065_PE,54.15,3,BUY
1756736433.7795498,STOCK_1065_PE,54.15,8,BUY
1756736433.7810175,STOCK_1065_PE,54.15,2,BUY
1756736433.8491004,STOCK_1065_PE,54.15,10,BUY
1756736433.916394,STOCK_1065_PE,54.15,10,BUY
1756736433.9830325,STOCK_1065_PE,54.15,10,BUY
1756736434.0489743,STOCK_1065_PE,54.15,10,BUY
1756736434.1146867,STOCK_1065_PE,54.15,3,BUY
1756736434.116372,STOCK_1065_PE,54.15,7,BUY
1756736434.1835434,STOCK_1065_PE,54.15,4,BUY
1756736434.185058,STOCK_1065_PE,54.15,6,BUY
1756736434.2538993,STOCK_1065_PE,54.15,10,BUY
1756736434.3413002,STOCK_1065_PE,54.15,10,BUY
1756736434.4167144,STOCK_1065_PE,54.15,10,BUY
1756736434.4922593,STOCK_1065_PE,54.15,10,BUY
1756736434.5655036,STOCK_1065_PE,53.35,10,BUY
1756736434.6366239,STOCK_1065_PE,54.2,10,BUY
1756736434.7089274,STOCK_1065_PE,53.35,10,BUY
1756736434.779471,STOCK_1065_PE,53.35,10,BUY
1756736434.8479645,STOCK_1065_PE,53.35,10,BUY
1756736434.923248,STOCK_1065_PE,53.35,6,BUY
1756736434.9964895,STOCK_1065_PE,53.75,7,BUY
1756736435.0693617,STOCK_1065_PE,53.5,10,BUY
1756736435.141606,STOCK_1065_PE,53.5,10,BUY
1756736435.212647,STOCK_1065_PE,53.5,9,BUY
1756736435.281921,STOCK_1065_PE,52.65,10,BUY
1756736435.3487244,STOCK_1065_PE,52.65,10,BUY
1756736435.4168053,STOCK_1065_PE,52.65,9,BUY
1756736435.4862876,STOCK_1065_PE,53.75,10,BUY
1756736435.555391,STOCK_1065_PE,53.75,5,BUY
1756736435.6267269,STOCK_1065_PE,53.45,10,BUY
1756736435.6959138,STOCK_1065_PE,53.45,8,BUY
1756736435.7635841,STOCK_1065_PE,52.8,7,BUY
1756736435.8331027,STOCK_1065_PE,52.75,8,BUY
1756736435.902993,STOCK_1065_PE,53.9,10,BUY
1756736435.970464,STOCK_1065_PE,53.9,4,BUY
1756736436.0396593,STOCK_1065_PE,53.75,10,BUY
1756736436.1074367,STOCK_1065_PE,53.75,10,BUY
1756736436.1744428,STOCK_1065_PE,53.75,10,BUY
1756736436.242321,STOCK_1065_PE,53.75,10,BUY
1756736436.3086178,STOCK_1065_PE,53.75,10,BUY
1756736436.3766901,STOCK_1065_PE,53.05,6,BUY
1756736436.4459593,STOCK_1065_PE,52.55,10,BUY
1756736436.5140712,STOCK_1065_PE,52.55,1,BUY
1756736436.5796695,STOCK_1065_PE,52.75,10,BUY
1756736436.6477025,STOCK_1065_PE,52.75,2,BUY
1756736436.7155092,STOCK_1065_PE,52.85,10,BUY
1756736436.7831595,STOCK_1065_PE,52.85,10,BUY
1756736436.8501348,STOCK_1065_PE,52.85,10,BUY
1756736436.918086,STOCK_1065_PE,52.85,4,BUY
1756736436.9851003,STOCK_1065_PE,52.7,10,BUY
1756736437.052945,STOCK_1065_PE,52.7,3,BUY
1756736437.120534,STOCK_1065_PE,53.3,10,BUY
1756736437.1897588,STOCK_1065_PE,53.3,6,BUY
1756736437.2571557,STOCK_1065_PE,52.35,4,BUY
1756736437.3266788,STOCK_1065_PE,54.2,10,BUY
1756736437.3958201,STOCK_1065_PE,52.35,3,BUY
1756736437.4624245,STOCK_1065_PE,52.65,10,BUY
1756736437.5305374,STOCK_1065_PE,52.65,10,BUY
1756736437.5986397,STOCK_1065_PE,52.65,10,BUY
1756736437.6655006,STOCK_1065_PE,52.65,6,BUY
1756736437.7346897,STOCK_1065_PE,54.0,10,BUY
1756736437.803234,STOCK_1065_PE,54.0,10,BUY
1756736437.8700268,STOCK_1065_PE,54.0,2,BUY
1756736437.9396155,STOCK_1065_PE,53.9,10,BUY
1756736438.0066655,STOCK_1065_PE,53.9,8,BUY
1756736438.0753677,STOCK_1065_PE,53.05,10,BUY
1756736438.1434734,STOCK_1065_PE,53.05,10,BUY
1756736438.2101405,STOCK_1065_PE,53.05,6,BUY
1756736438.2764912,STOCK_1065_PE,52.95,10,BUY
1756736438.345654,STOCK_1065_PE,52.95,10,BUY
1756736438.4126556,STOCK_1065_PE,52.95,10,BUY
1756736438.480605,STOCK_1065_PE,52.95,10,BUY
1756736438.5493927,STOCK_1065_PE,52.95,5,BUY
1756736438.6181405,STOCK_1065_PE,53.2,3,BUY
1756736438.6860032,STOCK_1065_PE,53.9,10,BUY
1756736438.7530043,STOCK_1065_PE,53.9,10,BUY
1756736438.8346667,STOCK_1065_PE,53.9,10,BUY
1756736438.9039133,STOCK_1065_PE,53.9,6,BUY
1756736438.969961,STOCK_1065_PE,53.75,10,BUY
1756736439.0384407,STOCK_1065_PE,53.75,10,BUY
1756736439.1058478,STOCK_1065_PE,53.75,10,BUY
1756736439.1740701,STOCK_1065_PE,53.75,10,BUY
1756736439.2434952,STOCK_1065_PE,53.75,8,BUY
1756736439.3093953,STOCK_1065_PE,53.7,10,BUY
1756736439.3778617,STOCK_1065_PE,53.7,10,BUY
1756736439.4465492,STOCK_1065_PE,53.7,10,BUY
1756736439.513703,STOCK_1065_PE,53.7,10,BUY
1756736439.5833514,STOCK_1065_PE,53.7,4,BUY
1756736439.6519256,STOCK_1065_PE,52.7,10,BUY
1756736439.7188363,STOCK_1065_PE,52.7,10,BUY
1756736439.7881048,STOCK_1065_PE,52.7,10,BUY
1756736439.8558452,STOCK_1065_PE,52.7,10,BUY
1756736439.9240704,STOCK_1065_PE,52.7,3,BUY
1756736439.9913273,STOCK_1065_PE,54.15,10,BUY
1756736440.0591702,STOCK_1065_PE,52.9,10,BUY
1756736440.1258488,STOCK_1065_PE,52.9,10,BUY
1756736440.1935809,STOCK_1065_PE,52.9,7,BUY
1756736440.2660618,STOCK_1065_PE,52.85,2,BUY
1756736440.3400898,STOCK_1065_PE,53.55,10,BUY
1756736440.4133527,STOCK_1065_PE,53.55,10,BUY
1756736440.4871483,STOCK_1065_PE,53.55,9,BUY
1756736440.5582204,STOCK_1065_PE,54.0,10,BUY
1756736440.627645,STOCK_1065_PE,54.0,10,BUY
1756736440.6965206,STOCK_1065_PE,54.0,1,BUY
1756736440.7672029,STOCK_1065_PE,52.3,10,BUY
1756736440.8391957,STOCK_1065_PE,52.3,10,BUY
1756736440.912551,STOCK_1065_PE,52.3,10,BUY
1756736440.9847696,STOCK_1065_PE,52.3,10,BUY
1756736441.055802,STOCK_1065_PE,52.3,2,BUY
1756736441.1235352,STOCK_1065_PE,52.95,10,BUY
1756736441.1927626,STOCK_1065_PE,52.95,9,BUY
1756736441.2610252,STOCK_1065_PE,53.1,10,BUY
1756736441.3287709,STOCK_1065_PE,53.1,10,BUY
1756736441.3998291,STOCK_1065_PE,53.1,8,BUY
1756736441.4689302,STOCK_1065_PE,53.0,10,BUY
1756736441.536153,STOCK_1065_PE,53.0,8,BUY
1756736441.6034875,STOCK_1065_PE,53.85,10,BUY
1756736441.6730602,STOCK_1065_PE,53.85,8,BUY
1756736441.74118,STOCK_1065_PE,52.3,10,BUY
1756736441.8099067,STOCK_1065_PE,52.3,10,BUY
1756736441.877292,STOCK_1065_PE,52.3,10,BUY
1756736441.9466107,STOCK_1065_PE,52.3,1,BUY
1756736442.0147681,STOCK_1065_PE,52.95,10,BUY
1756736442.0824072,STOCK_1065_PE,52.95,10,BUY
1756736442.150793,STOCK_1065_PE,53.6,10,BUY
1756736442.221014,STOCK_1065_PE,53.6,10,BUY
1756736442.2885642,STOCK_1065_PE,53.6,3,BUY
1756736442.3575914,STOCK_1065_PE,53.85,10,BUY
1756736442.4268265,STOCK_1065_PE,53.85,10,BUY
1756736442.4955935,STOCK_1065_PE,53.85,10,BUY
1756736442.5724664,STOCK_1065_PE,53.85,10,BUY
1756736442.6446626,STOCK_1065_PE,53.85,8,BUY
1756736442.7169378,STOCK_1065_PE,53.55,4,BUY
1756736442.7882874,STOCK_1065_PE,52.95,10,BUY
1756736442.8779433,STOCK_1065_PE,52.95,10,BUY
1756736442.983314,STOCK_1065_PE,52.85,10,BUY
1756736443.0517619,STOCK_1065_PE,52.85,10,BUY
1756736443.1213949,STOCK_1065_PE,52.85,10,BUY
1756736443.1969793,STOCK_1065_PE,52.85,7,BUY
1756736443.274064,STOCK_1065_PE,52.9,10,BUY
1756736443.3568478,STOCK_1065_PE,52.9,10,BUY
1756736443.4326818,STOCK_1065_PE,52.9,10,BUY
1756736443.5197423,STOCK_1065_PE,52.9,10,BUY
1756736443.5966544,STOCK_1065_PE,52.9,3,BUY
1756736443.6731038,STOCK_1065_PE,53.05,10,BUY
1756736443.7470188,STOCK_1065_PE,53.05,10,BUY
1756736443.8242133,STOCK_1065_PE,53.05,9,BUY
1756736443.899551,STOCK_1065_PE,53.25,10,BUY
1756736443.9734852,STOCK_1065_PE,53.25,10,BUY
1756736444.0477264,STOCK_1065_PE,53.25,10,BUY
1756736444.1217718,STOCK_1065_PE,53.25,10,BUY
1756736444.1929512,STOCK_1065_PE,53.25,9,BUY
1756736444.259323,STOCK_1065_PE,52.9,10,BUY
1756736444.3276665,STOCK_1065_PE,52.9,10,BUY
1756736444.3951905,STOCK_1065_PE,52.9,6,BUY
1756736444.4648335,STOCK_1065_PE,53.3,5,BUY
1756736444.5331082,STOCK_1065_PE,53.3,10,BUY
1756736444.6016283,STOCK_1065_PE,53.3,10,BUY
1756736444.6688013,STOCK_1065_PE,53.3,10,BUY
1756736444.7372482,STOCK_1065_PE,53.3,10,BUY
1756736444.8047872,STOCK_1065_PE,53.3,8,BUY
1756736444.8730743,STOCK_1065_PE,53.5,10,BUY
1756736444.9414084,STOCK_1065_PE,53.5,10,BUY
1756736445.0095913,STOCK_1065_PE,53.5,10,BUY
1756736445.0779252,STOCK_1065_PE,53.5,10,BUY
1756736445.146639,STOCK_1065_PE,53.5,6,BUY
1756736445.2178712,STOCK_1065_PE,52.9,10,BUY
1756736445.286794,STOCK_1065_PE,52.9,10,BUY
1756736445.357941,STOCK_1065_PE,52.9,10,BUY
1756736445.4286292,STOCK_1065_PE,52.9,3,BUY
1756736445.4987962,STOCK_1065_PE,53.35,6,BUY
1756736445.568388,STOCK_1065_PE,53.05,10,BUY
1756736445.639396,STOCK_1065_PE,53.05,10,BUY
1756736445.709504,STOCK_1065_PE,53.05,10,BUY
1756736445.7864332,STOCK_1065_PE,53.05,10,BUY
1756736445.8595304,STOCK_1065_PE,53.05,6,BUY
1756736445.9290273,STOCK_1065_PE,53.45,10,BUY
1756736446.001518,STOCK_1065_PE,53.45,10,BUY
1756736446.0743902,STOCK_1065_PE,53.45,10,BUY
1756736446.144353,STOCK_1065_PE,53.45,10,BUY
1756736446.212034,STOCK_1065_PE,53.45,9,BUY
1756736446.2792187,STOCK_1065_PE,53.6,10,BUY
1756736446.3464844,STOCK_1065_PE,53.6,10,BUY
1756736446.4133797,STOCK_1065_PE,53.6,10,BUY
1756736446.480146,STOCK_1065_PE,53.6,10,BUY
1756736446.5474367,STOCK_1065_PE,53.6,3,BUY
1756736446.6149335,STOCK_1065_PE,53.7,10,BUY
1756736446.681766,STOCK_1065_PE,53.7,10,BUY
1756736446.7530165,STOCK_1065_PE,53.7,6,BUY
1756736446.8245516,STOCK_1065_PE,53.25,10,BUY
1756736446.8955855,STOCK_1065_PE,53.25,10,BUY
1756736446.9662714,STOCK_1065_PE,53.25,10,BUY
1756736447.0414927,STOCK_1065_PE,53.25,10,BUY
1756736447.1262279,STOCK_1065_PE,53.25,3,BUY
1756736447.1992812,STOCK_1065_PE,53.85,10,BUY
1756736447.269713,STOCK_1065_PE,53.85,10,BUY
1756736447.342852,STOCK_1065_PE,53.85,10,BUY
1756736447.4151156,STOCK_1065_PE,53.85,10,BUY
1756736447.4879713,STOCK_1065_PE,53.85,1,BUY
1756736447.5614834,STOCK_1065_PE,53.9,10,BUY
1756736447.6349518,STOCK_1065_PE,52.85,10,BUY
1756736447.709426,STOCK_1065_PE,52.85,2,BUY
1756736447.7825336,STOCK_1065_PE,53.2,10,BUY
1756736447.8569186,STOCK_1065_PE,53.2,9,BUY
1756736447.928925,STOCK_1065_PE,53.9,6,BUY
1756736448.0002956,STOCK_1065_PE,53.4,10,BUY
1756736448.0670285,STOCK_1065_PE,53.4,10,BUY
1756736448.1375587,STOCK_1065_PE,53.4,10,BUY
1756736448.2123451,STOCK_1065_PE,53.4,10,BUY
1756736448.2832077,STOCK_1065_PE,53.4,4,BUY
1756736448.3517814,STOCK_1065_PE,53.9,10,BUY
1756736448.4202707,STOCK_1065_PE,53.9,10,BUY
1756736448.4877596,STOCK_1065_PE,53.9,10,BUY
1756736448.5580807,STOCK_1065_PE,53.9,10,BUY
1756736448.6259713,STOCK_1065_PE,53.9,9,BUY
1756736448.694759,STOCK_1065_PE,53.95,10,BUY
1756736448.7617562,STOCK_1065_PE,53.95,10,BUY
1756736448.8304036,STOCK_1065_PE,53.95,10,BUY
1756736448.8968327,STOCK_1065_PE,53.95,9,BUY
1756736448.973416,STOCK_1065_PE,52.5,10,BUY
1756736449.0419126,STOCK_1065_PE,52.5,10,BUY
1756736449.1095128,STOCK_1065_PE,52.5,3,BUY
1756736449.1801255,STOCK_1065_PE,53.55,3,BUY
1756736449.2566605,STOCK_1065_PE,52.5,10,BUY
1756736449.323985,STOCK_1065_PE,52.5,10,BUY
1756736449.3901236,STOCK_1065_PE,52.5,10,BUY
1756736449.4585114,STOCK_1065_PE,52.5,10,BUY
1756736449.5315158,STOCK_1065_PE,52.5,1,BUY
1756736449.6101737,STOCK_1065_PE,53.0,10,BUY
1756736449.6863742,STOCK_1065_PE,53.0,7,BUY
1756736449.7647202,STOCK_1065_PE,53.05,10,BUY
1756736449.8347454,STOCK_1065_PE,53.05,10,BUY
1756736449.9032679,STOCK_1065_PE,53.05,10,BUY
1756736449.9737802,STOCK_1065_PE,53.05,7,BUY
1756736450.054072,STOCK_1065_PE,53.35,3,BUY
1756736450.130582,STOCK_1065_PE,53.0,10,BUY
1756736450.2157187,STOCK_1065_PE,53.0,10,BUY
1756736450.338084,STOCK_1065_PE,53.0,10,BUY
1756736450.4103498,STOCK_1065_PE,53.0,10,BUY
1756736450.4809778,STOCK_1065_PE,53.0,4,BUY
1756736450.5503612,STOCK_1065_PE,52.5,10,BUY
1756736450.6202514,STOCK_1065_PE,52.5,10,BUY
1756736450.6883533,STOCK_1065_PE,52.5,6,BUY
1756736450.7578928,STOCK_1065_PE,53.9,4,BUY
1756736450.8270462,STOCK_1065_PE,53.0,10,BUY
1756736450.8945713,STOCK_1065_PE,53.0,10,BUY
1756736450.963135,STOCK_1065_PE,53.0,1,BUY
1756736451.0341,STOCK_1065_PE,53.95,10,BUY
1756736451.1022274,STOCK_1065_PE,53.95,10,BUY
1756736451.1784139,STOCK_1065_PE,53.95,10,BUY
1756736451.2550895,STOCK_1065_PE,53.95,9,BUY
1756736451.3237462,STOCK_1065_PE,54.05,10,BUY
1756736451.3951182,STOCK_1065_PE,54.05,4,BUY
1756736451.3967664,STOCK_1065_PE,54.05,6,BUY
1756736451.466328,STOCK_1065_PE,54.05,10,BUY
1756736451.536635,STOCK_1065_PE,54.05,10,BUY
1756736451.6065316,STOCK_1065_PE,54.05,10,BUY
1756736451.6742125,STOCK_1065_PE,54.05,10,BUY
1756736451.7433226,STOCK_1065_PE,54.05,1,BUY
1756736451.7448144,STOCK_1065_PE,54.05,9,BUY
1756736451.8120003,STOCK_1065_PE,54.05,9,BUY
1756736451.8798308,STOCK_1065_PE,53.7,10,BUY
1756736451.947483,STOCK_1065_PE,53.7,10,BUY
1756736452.017141,STOCK_1065_PE,53.7,6,BUY
1756736452.0851705,STOCK_1065_PE,52.35,10,BUY
1756736452.1528475,STOCK_1065_PE,52.35,8,BUY
1756736452.221493,STOCK_1065_PE,53.65,2,BUY
1756736452.2894104,STOCK_1065_PE,52.35,10,BUY
1756736452.3593736,STOCK_1065_PE,52.35,10,BUY
1756736452.429263,STOCK_1065_PE,52.35,10,BUY
1756736452.500249,STOCK_1065_PE,52.35,7,BUY
1756736452.5680397,STOCK_1065_PE,52.35,10,BUY
1756736452.637941,STOCK_1065_PE,52.35,10,BUY
1756736452.706951,STOCK_1065_PE,52.35,10,BUY
1756736452.774647,STOCK_1065_PE,52.35,4,BUY
1756736452.8433897,STOCK_1065_PE,54.0,10,BUY
1756736452.911056,STOCK_1065_PE,54.0,10,BUY
1756736452.98111,STOCK_1065_PE,54.0,10,BUY
1756736453.048194,STOCK_1065_PE,54.0,10,BUY
1756736453.1173663,STOCK_1065_PE,54.0,4,BUY
1756736453.18423,STOCK_1065_PE,52.9,10,BUY
1756736453.2525299,STOCK_1065_PE,52.9,10,BUY
1756736453.3194196,STOCK_1065_PE,52.9,7,BUY
1756736453.3871434,STOCK_1065_PE,53.55,10,BUY
1756736453.4535134,STOCK_1065_PE,53.55,10,BUY
1756736453.519613,STOCK_1065_PE,53.55,10,BUY
1756736453.586751,STOCK_1065_PE,53.55,8,BUY
1756736453.655327,STOCK_1065_PE,52.8,10,BUY
1756736453.723115,STOCK_1065_PE,52.8,10,BUY
1756736453.7899354,STOCK_1065_PE,52.8,5,BUY
1756736453.8599029,STOCK_1065_PE,52.35,4,BUY
1756736453.930041,STOCK_1065_PE,52.85,10,BUY
1756736454.0000489,STOCK_1065_PE,52.85,10,BUY
1756736454.0707376,STOCK_1065_PE,52.85,10,BUY
1756736454.1389892,STOCK_1065_PE,52.85,10,BUY
1756736454.2074683,STOCK_1065_PE,52.85,9,BUY
1756736454.2744665,STOCK_1065_PE,53.5,10,BUY
1756736454.342373,STOCK_1065_PE,53.5,3,BUY
1756736454.4092922,STOCK_1065_PE,53.95,6,BUY
1756736454.4807281,STOCK_1065_PE,53.85,10,BUY
1756736454.5521061,STOCK_1065_PE,53.85,10,BUY
1756736454.6202114,STOCK_1065_PE,53.85,8,BUY
1756736454.6877055,STOCK_1065_PE,53.85,10,BUY
1756736454.7572856,STOCK_1065_PE,53.85,10,BUY
1756736454.8265138,STOCK_1065_PE,53.85,10,BUY
1756736454.8948958,STOCK_1065_PE,53.85,10,BUY
1756736454.9627955,STOCK_1065_PE,53.85,3,BUY
1756736455.0303714,STOCK_1065_PE,53.6,10,BUY
1756736455.0963962,STOCK_1065_PE,53.6,10,BUY
1756736455.1628757,STOCK_1065_PE,53.6,10,BUY
1756736455.2313905,STOCK_1065_PE,53.6,2,BUY
1756736455.297326,STOCK_1065_PE,54.0,10,BUY
1756736455.3658092,STOCK_1065_PE,54.0,10,BUY
1756736455.4371104,STOCK_1065_PE,54.0,10,BUY
1756736455.5180008,STOCK_1065_PE,54.0,10,BUY
1756736455.5906425,STOCK_1065_PE,54.0,3,BUY
1756736455.660529,STOCK_1065_PE,53.95,10,BUY
1756736455.72844,STOCK_1065_PE,53.95,10,BUY
1756736455.7965264,STOCK_1065_PE,53.95,10,BUY
1756736455.8648276,STOCK_1065_PE,53.95,5,BUY
1756736455.9395776,STOCK_1065_PE,53.7,10,BUY
1756736456.013707,STOCK_1065_PE,53.7,10,BUY
1756736456.0872176,STOCK_1065_PE,53.7,7,BUY
1756736456.1581106,STOCK_1065_PE,52.65,10,BUY
1756736456.232197,STOCK_1065_PE,52.65,10,BUY
1756736456.301985,STOCK_1065_PE,52.65,10,BUY
1756736456.3730905,STOCK_1065_PE,53.75,1,BUY
1756736456.44439,STOCK_1065_PE,53.2,10,BUY
1756736456.5125422,STOCK_1065_PE,53.2,10,BUY
1756736456.5811903,STOCK_1065_PE,53.2,10,BUY
1756736456.650393,STOCK_1065_PE,53.2,2,BUY
1756736456.7180817,STOCK_1065_PE,54.0,10,BUY
1756736456.7857616,STOCK_1065_PE,54.0,10,BUY
1756736456.8544643,STOCK_1065_PE,54.0,2,BUY
1756736456.926044,STOCK_1065_PE,53.1,10,BUY
1756736456.995865,STOCK_1065_PE,53.1,2,BUY
1756736457.0664408,STOCK_1065_PE,52.5,10,BUY
1756736457.1346374,STOCK_1065_PE,52.5,10,BUY
1756736457.206271,STOCK_1065_PE,52.5,10,BUY
1756736457.2744458,STOCK_1065_PE,52.5,3,BUY
1756736457.342774,STOCK_1065_PE,52.95,10,BUY
1756736457.4097786,STOCK_1065_PE,52.95,10,BUY
1756736457.4760041,STOCK_1065_PE,52.95,8,BUY
1756736457.5411966,STOCK_1065_PE,52.7,10,BUY
1756736457.6075225,STOCK_1065_PE,52.7,10,BUY
1756736457.6780558,STOCK_1065_PE,52.7,10,BUY
1756736457.7476468,STOCK_1065_PE,52.7,10,BUY
1756736457.8173244,STOCK_1065_PE,52.7,10,BUY
1756736457.8865774,STOCK_1065_PE,53.0,10,BUY
1756736457.9564278,STOCK_1065_PE,53.0,10,BUY
1756736458.0267158,STOCK_1065_PE,53.0,10,BUY
1756736458.096756,STOCK_1065_PE,53.0,2,BUY
1756736458.1669781,STOCK_1065_PE,53.95,10,BUY
1756736458.2366855,STOCK_1065_PE,53.95,10,BUY
1756736458.304102,STOCK_1065_PE,53.95,10,BUY
1756736458.3715055,STOCK_1065_PE,53.95,8,BUY
1756736458.4399064,STOCK_1065_PE,54.0,8,BUY
1756736458.5082958,STOCK_1065_PE,53.7,10,BUY
1756736458.5754404,STOCK_1065_PE,53.7,10,BUY
1756736458.644779,STOCK_1065_PE,53.7,10,BUY
1756736458.7134936,STOCK_1065_PE,53.7,10,BUY
1756736458.7802908,STOCK_1065_PE,53.7,1,BUY
1756736458.8468895,STOCK_1065_PE,52.35,10,BUY
1756736458.9140754,STOCK_1065_PE,52.35,10,BUY
1756736458.9820104,STOCK_1065_PE,52.35,10,BUY
1756736459.0481277,STOCK_1065_PE,52.35,4,BUY
1756736459.114408,STOCK_1065_PE,53.1,10,BUY
1756736459.1827552,STOCK_1065_PE,53.1,10,BUY
1756736459.2492692,STOCK_1065_PE,53.1,4,BUY
1756736459.3152502,STOCK_1065_PE,53.65,10,BUY
1756736459.3821113,STOCK_1065_PE,53.65,10,BUY
1756736459.450133,STOCK_1065_PE,53.65,10,BUY
1756736459.5171025,STOCK_1065_PE,53.65,4,BUY
1756736459.58496,STOCK_1065_PE,52.4,10,BUY
1756736459.6526816,STOCK_1065_PE,52.4,10,BUY
1756736459.7204773,STOCK_1065_PE,52.4,10,BUY
1756736459.78823,STOCK_1065_PE,52.65,10,BUY
1756736459.8574092,STOCK_1065_PE,52.65,8,BUY
1756736459.938869,STOCK_1065_PE,53.1,10,BUY
1756736460.007808,STOCK_1065_PE,53.1,10,BUY
1756736460.081262,STOCK_1065_PE,53.1,10,BUY
1756736460.1483297,STOCK_1065_PE,53.1,3,BUY
1756736460.214627,STOCK_1065_PE,53.15,10,BUY
1756736460.2833624,STOCK_1065_PE,53.15,10,BUY
1756736460.3517613,STOCK_1065_PE,53.15,10,BUY
1756736460.4199913,STOCK_1065_PE,53.15,10,BUY
1756736460.4867585,STOCK_1065_PE,53.15,6,BUY
1756736460.5516922,STOCK_1065_PE,53.9,10,BUY
1756736460.6214082,STOCK_1065_PE,53.9,10,BUY
1756736460.691109,STOCK_1065_PE,53.9,7,BUY
1756736460.7574923,STOCK_1065_PE,52.65,10,BUY
1756736460.8271232,STOCK_1065_PE,52.65,10,BUY
1756736460.893885,STOCK_1065_PE,52.65,10,BUY
1756736460.9612882,STOCK_1065_PE,52.65,10,BUY
1756736461.028128,STOCK_1065_PE,52.65,6,BUY
1756736461.0951874,STOCK_1065_PE,52.5,1,BUY
1756736461.1627035,STOCK_1065_PE,53.7,10,BUY
1756736461.2309833,STOCK_1065_PE,53.7,3,BUY
1756736461.2995615,STOCK_1065_PE,53.9,10,BUY
1756736461.3671575,STOCK_1065_PE,53.9,10,BUY
1756736461.431957,STOCK_1065_PE,53.4,10,BUY
1756736461.499575,STOCK_1065_PE,53.4,10,BUY
1756736461.5672064,STOCK_1065_PE,53.4,10,BUY
1756736461.6334631,STOCK_1065_PE,53.4,5,BUY
1756736461.700514,STOCK_1065_PE,52.75,10,BUY
1756736461.7703195,STOCK_1065_PE,52.75,10,BUY
1756736461.8373463,STOCK_1065_PE,52.75,1,BUY
1756736461.904059,STOCK_1065_PE,53.15,10,BUY
1756736461.9698923,STOCK_1065_PE,53.15,10,BUY
1756736462.0377717,STOCK_1065_PE,53.15,10,BUY
1756736462.104926,STOCK_1065_PE,52.85,9,BUY
1756736462.1714907,STOCK_1065_PE,52.8,2,BUY
1756736462.2380066,STOCK_1065_PE,54.0,7,BUY
1756736462.306512,STOCK_1065_PE,53.6,5,BUY
1756736462.3734543,STOCK_1065_PE,53.65,6,BUY
1756736462.4411755,STOCK_1065_PE,53.3,10,BUY
1756736462.5107558,STOCK_1065_PE,53.3,10,BUY
1756736462.5785048,STOCK_1065_PE,53.3,9,BUY
1756736462.6451433,STOCK_1065_PE,53.5,10,BUY
1756736462.712212,STOCK_1065_PE,53.5,10,BUY
1756736462.7805154,STOCK_1065_PE,53.5,10,BUY
1756736462.848262,STOCK_1065_PE,53.5,6,BUY
1756736462.9159698,STOCK_1065_PE,53.55,10,BUY
1756736462.9848278,STOCK_1065_PE,53.55,10,BUY
1756736463.054352,STOCK_1065_PE,53.55,10,BUY
1756736463.1236231,STOCK_1065_PE,53.55,2,BUY
1756736463.1897295,STOCK_1065_PE,52.65,10,BUY
1756736463.258243,STOCK_1065_PE,52.65,10,BUY
1756736463.3266637,STOCK_1065_PE,52.65,10,BUY
1756736463.3957205,STOCK_1065_PE,52.65,2,BUY
1756736463.4611259,STOCK_1065_PE,53.55,10,BUY
1756736463.5314357,STOCK_1065_PE,53.55,10,BUY
1756736463.5977097,STOCK_1065_PE,53.55,10,BUY
1756736463.6679387,STOCK_1065_PE,53.55,10,BUY
1756736463.735706,STOCK_1065_PE,53.55,6,BUY
1756736463.8154023,STOCK_1065_PE,52.55,10,BUY
1756736463.8891048,STOCK_1065_PE,52.55,10,BUY
1756736463.9567935,STOCK_1065_PE,52.55,10,BUY
1756736464.023372,STOCK_1065_PE,52.55,8,BUY
1756736464.091595,STOCK_1065_PE,52.95,10,BUY
1756736464.1619473,STOCK_1065_PE,52.95,10,BUY
1756736464.2341511,STOCK_1065_PE,52.95,10,BUY
1756736464.30305,STOCK_1065_PE,52.95,10,BUY
1756736464.3742385,STOCK_1065_PE,52.95,9,BUY
1756736464.4446895,STOCK_1065_PE,52.6,10,BUY
1756736464.5150692,STOCK_1065_PE,52.6,10,BUY
1756736464.584127,STOCK_1065_PE,52.6,10,BUY
1756736464.6519828,STOCK_1065_PE,52.6,9,BUY
1756736464.718839,STOCK_1065_PE,53.1,10,BUY
1756736464.7860878,STOCK_1065_PE,53.1,10,BUY
1756736464.853311,STOCK_1065_PE,53.1,10,BUY
