Timestamp,Ticker,Price,Size,Side
1759165175.9347181,STOCK_1095_PE,14.55,10,BUY
1759165176.0273921,STOCK_1095_PE,14.55,10,BUY
1759165176.17819,STOCK_UNDERLYING,1094.2,10,BUY
1759165176.2635324,STOCK_1090_CE,8.55,10,BUY
1759165176.3046281,STOCK_1090_PE,11.55,10,BUY
1759165176.411656,STOCK_UNDERLYING,1094.2,10,BUY
1759165176.4576588,STOCK_1075_CE,16.95,10,BUY
1759165176.5134108,STOCK_1095_PE,14.55,10,BUY
1759165176.5685134,STOCK_1090_CE,8.55,10,BUY
1759165176.6171508,STOCK_1095_CE,6.4,10,BUY
1759165176.7404816,STOCK_1080_CE,13.75,10,BUY
1759165176.880552,STOCK_1100_PE,17.95,10,BUY
1759165177.162642,STOCK_1100_CE,4.7,10,BUY
1759165177.2881489,STOCK_1095_CE,6.4,10,BUY
1759165177.351141,STOCK_1090_CE,8.55,10,BUY
1759165177.368158,STOCK_1095_PE,14.55,3,BUY
1759165177.378139,STOCK_1095_PE,14.6,10,BUY
1759165177.3921635,STOCK_UNDERLYING,1094.2,10,BUY
1759165177.4021473,STOCK_1090_CE,8.55,8,BUY
1759165177.4041364,STOCK_1090_CE,8.55,2,BUY
1759165177.4091465,STOCK_1090_PE,11.55,10,BUY
1759165177.4191399,STOCK_UNDERLYING,1094.2,10,BUY
1759165177.42514,STOCK_1075_CE,16.95,8,BUY
1759165177.431145,STOCK_1095_PE,14.6,10,BUY
1759165177.4371355,STOCK_1090_CE,8.55,10,BUY
1759165177.4426818,STOCK_1095_CE,6.4,10,BUY
1759165177.4565961,STOCK_1080_CE,13.75,10,BUY
1759165177.47168,STOCK_1100_PE,17.95,4,BUY
1759165177.4936957,STOCK_1100_CE,4.7,10,BUY
1759165177.503698,STOCK_1095_CE,6.4,10,BUY
1759165177.509697,STOCK_1090_CE,8.55,10,BUY
1759165177.5197,STOCK_1095_PE,14.6,10,BUY
1759165177.5296147,STOCK_1095_PE,14.7,10,BUY
1759165177.5486236,STOCK_UNDERLYING,1094.2,1,BUY
1759165177.5626197,STOCK_1090_CE,8.55,6,BUY
1759165177.570698,STOCK_1090_PE,11.55,10,BUY
1759165177.58962,STOCK_UNDERLYING,1095.9,10,BUY
1759165177.5987093,STOCK_1075_CE,17.15,10,BUY
1759165177.6046965,STOCK_1095_PE,14.7,4,BUY
1759165177.6107008,STOCK_1090_CE,8.6,10,BUY
1759165177.616694,STOCK_1095_CE,6.4,9,BUY
1759165177.63053,STOCK_1080_CE,13.75,8,BUY
1759165177.6315372,STOCK_1080_CE,13.75,2,BUY
1759165177.6486855,STOCK_1100_PE,18.0,10,BUY
1759165177.6776824,STOCK_1100_CE,4.7,10,BUY
1759165177.688686,STOCK_1095_CE,6.45,10,BUY
1759165177.694685,STOCK_1090_CE,8.6,10,BUY
1759165177.704686,STOCK_1095_PE,14.8,10,BUY
1759165177.7156856,STOCK_1095_PE,14.8,10,BUY
1759165177.7286859,STOCK_UNDERLYING,1095.9,8,BUY
1759165177.7386868,STOCK_1090_CE,8.6,10,BUY
1759165177.7456887,STOCK_1090_PE,11.55,10,BUY
1759165177.7555904,STOCK_UNDERLYING,1108.85,10,BUY
1759165177.7641716,STOCK_1075_CE,17.15,10,BUY
1759165177.7730768,STOCK_1095_PE,14.8,9,BUY
1759165177.782159,STOCK_1090_CE,8.6,3,BUY
1759165177.7881498,STOCK_1095_CE,6.45,4,BUY
1759165177.7890747,STOCK_1095_CE,6.45,6,BUY
1759165177.8037343,STOCK_1080_CE,13.75,10,BUY
1759165177.817784,STOCK_1100_PE,18.0,7,BUY
1759165177.8187878,STOCK_1100_PE,18.0,3,BUY
1759165177.8405635,STOCK_1100_CE,4.7,10,BUY
1759165177.8515751,STOCK_1095_CE,6.45,10,BUY
1759165177.8565247,STOCK_1090_CE,8.65,5,BUY
1759165177.8585737,STOCK_1090_CE,8.65,5,BUY
1759165177.8685775,STOCK_1095_PE,14.85,10,BUY
1759165177.8775723,STOCK_1095_PE,14.85,10,BUY
1759165177.8915675,STOCK_UNDERLYING,1108.85,10,BUY
1759165177.9015727,STOCK_1090_CE,8.65,10,BUY
1759165177.9075704,STOCK_1090_PE,11.55,5,BUY
1759165177.9177809,STOCK_UNDERLYING,1108.85,10,BUY
1759165177.9228013,STOCK_1075_CE,17.15,10,BUY
1759165177.9288878,STOCK_1095_PE,14.85,10,BUY
1759165177.935053,STOCK_1090_CE,8.65,10,BUY
1759165177.941186,STOCK_1095_CE,6.45,10,BUY
1759165177.955204,STOCK_1080_CE,13.75,10,BUY
1759165177.971115,STOCK_1100_PE,18.0,10,BUY
1759165177.99911,STOCK_1100_CE,4.7,5,BUY
1759165178.00911,STOCK_1095_CE,6.45,2,BUY
1759165178.011109,STOCK_1095_CE,6.45,8,BUY
1759165178.0161097,STOCK_1090_CE,8.65,6,BUY
1759165178.01711,STOCK_1090_CE,8.65,4,BUY
1759165178.0271099,STOCK_1095_PE,14.85,10,BUY
1759165178.03711,STOCK_1095_PE,14.85,6,BUY
1759165178.0512269,STOCK_UNDERLYING,1108.85,7,BUY
1759165178.062224,STOCK_1090_CE,8.65,10,BUY
1759165178.0682263,STOCK_1090_PE,11.65,10,BUY
1759165178.078227,STOCK_UNDERLYING,1121.55,10,BUY
1759165178.084224,STOCK_1075_CE,17.15,2,BUY
1759165178.0852227,STOCK_1075_CE,17.15,8,BUY
1759165178.09132,STOCK_1095_PE,14.9,4,BUY
1759165178.0973072,STOCK_1090_CE,8.65,10,BUY
1759165178.1063168,STOCK_1095_CE,6.45,10,BUY
1759165178.1288269,STOCK_1080_CE,13.75,10,BUY
1759165178.146822,STOCK_1100_PE,18.0,10,BUY
1759165178.1698198,STOCK_1100_CE,4.75,10,BUY
1759165178.18083,STOCK_1095_CE,6.45,10,BUY
1759165178.1863434,STOCK_1090_CE,8.65,10,BUY
1759165178.1973388,STOCK_1095_PE,14.95,10,BUY
1759165178.2072816,STOCK_1095_PE,14.95,3,BUY
1759165178.2213473,STOCK_UNDERLYING,1121.55,8,BUY
1759165178.231339,STOCK_1090_CE,8.65,4,BUY
1759165178.2373445,STOCK_1090_PE,11.65,10,BUY
1759165178.2480304,STOCK_UNDERLYING,1122.9,10,BUY
1759165178.2540245,STOCK_1075_CE,17.15,10,BUY
1759165178.2590322,STOCK_1095_PE,15.0,10,BUY
1759165178.2650192,STOCK_1090_CE,8.75,10,BUY
1759165178.2710192,STOCK_1095_CE,6.45,10,BUY
1759165178.2840257,STOCK_1080_CE,13.75,2,BUY
1759165178.298032,STOCK_1100_PE,18.0,10,BUY
1759165178.320019,STOCK_1100_CE,4.75,10,BUY
1759165178.331033,STOCK_1095_CE,6.45,10,BUY
1759165178.3360257,STOCK_1090_CE,8.75,10,BUY
1759165178.346025,STOCK_1095_PE,15.0,10,BUY
1759165178.3559449,STOCK_1095_PE,15.0,10,BUY
1759165178.3702593,STOCK_UNDERLYING,1122.9,10,BUY
1759165178.3802576,STOCK_1090_CE,8.75,6,BUY
1759165178.3812535,STOCK_1090_CE,8.75,4,BUY
1759165178.3873892,STOCK_1090_PE,11.65,10,BUY
1759165178.3964193,STOCK_UNDERLYING,1122.9,5,BUY
1759165178.4023921,STOCK_1075_CE,17.15,3,BUY
1759165178.4033995,STOCK_1075_CE,17.15,4,BUY
1759165178.4043164,STOCK_1075_CE,17.15,3,BUY
1759165178.4104018,STOCK_1095_PE,15.0,5,BUY
1759165178.4153924,STOCK_1090_CE,8.75,10,BUY
1759165178.4213917,STOCK_1095_CE,6.45,2,BUY
1759165178.4223123,STOCK_1095_CE,6.45,8,BUY
1759165178.4363995,STOCK_1080_CE,13.8,10,BUY
1759165178.4510937,STOCK_1100_PE,18.0,10,BUY
1759165178.4740732,STOCK_1100_CE,4.75,10,BUY
1759165178.4840853,STOCK_1095_CE,6.45,10,BUY
1759165178.49008,STOCK_1090_CE,8.75,10,BUY
1759165178.5000906,STOCK_1095_PE,15.15,10,BUY
1759165178.5103843,STOCK_1095_PE,15.15,10,BUY
1759165178.5243893,STOCK_UNDERLYING,1130.2,10,BUY
1759165178.5344038,STOCK_1090_CE,8.75,6,BUY
1759165178.5353973,STOCK_1090_CE,8.75,4,BUY
1759165178.5413938,STOCK_1090_PE,11.65,2,BUY
1759165178.54239,STOCK_1090_PE,11.65,8,BUY
1759165178.5523937,STOCK_UNDERLYING,1130.2,10,BUY
1759165178.558403,STOCK_1075_CE,17.15,7,BUY
1759165178.5643942,STOCK_1095_PE,15.15,10,BUY
1759165178.5693922,STOCK_1090_CE,8.75,10,BUY
1759165178.5754101,STOCK_1095_CE,6.45,6,BUY
1759165178.5894115,STOCK_1080_CE,13.8,10,BUY
1759165178.6034033,STOCK_1100_PE,18.0,6,BUY
1759165178.6243956,STOCK_1100_CE,4.75,7,BUY
1759165178.626399,STOCK_1100_CE,4.75,3,BUY
1759165178.636405,STOCK_1095_CE,6.5,10,BUY
1759165178.6413922,STOCK_1090_CE,8.75,10,BUY
1759165178.6513894,STOCK_1095_PE,15.15,10,BUY
1759165178.6613824,STOCK_1095_PE,15.15,10,BUY
1759165178.6753917,STOCK_UNDERLYING,1130.2,10,BUY
1759165178.686395,STOCK_1090_CE,8.75,10,BUY
1759165178.692385,STOCK_1090_PE,11.65,10,BUY
1759165178.7023878,STOCK_UNDERLYING,1130.2,10,BUY
1759165178.7084067,STOCK_1075_CE,17.25,10,BUY
1759165178.714403,STOCK_1095_PE,15.15,7,BUY
1759165178.7204037,STOCK_1090_CE,8.75,3,BUY
1759165178.7213862,STOCK_1090_CE,8.75,7,BUY
1759165178.727308,STOCK_1095_CE,6.5,10,BUY
1759165178.7413936,STOCK_1080_CE,13.8,7,BUY
1759165178.7434173,STOCK_1080_CE,13.8,3,BUY
1759165178.7573898,STOCK_1100_PE,18.05,10,BUY
1759165178.779404,STOCK_1100_CE,4.75,10,BUY
1759165178.7893045,STOCK_1095_CE,6.5,10,BUY
1759165178.82438,STOCK_UNDERLYING,1130.2,8,BUY
1759165178.8383904,STOCK_1090_PE,11.65,10,BUY
1759165178.8483787,STOCK_UNDERLYING,1134.75,10,BUY
1759165178.853388,STOCK_1075_CE,17.25,10,BUY
1759165178.8673964,STOCK_1095_CE,6.5,10,BUY
1759165178.8813972,STOCK_1080_CE,13.8,10,BUY
1759165178.895385,STOCK_1100_PE,18.05,10,BUY
1759165178.91739,STOCK_1100_CE,4.75,9,BUY
1759165178.927389,STOCK_1095_CE,6.5,9,BUY
1759165178.962387,STOCK_UNDERLYING,1134.75,10,BUY
1759165178.9763796,STOCK_1090_PE,11.85,4,BUY
1759165178.9773946,STOCK_1090_PE,11.85,6,BUY
1759165178.9876285,STOCK_UNDERLYING,1134.75,10,BUY
1759165178.9936213,STOCK_1075_CE,17.25,4,BUY
1759165179.0066195,STOCK_1095_CE,6.55,10,BUY
1759165179.0206282,STOCK_1080_CE,13.8,10,BUY
1759165179.0346262,STOCK_1100_PE,18.05,10,BUY
1759165179.0566244,STOCK_1100_CE,4.8,10,BUY
1759165179.0666258,STOCK_1095_CE,6.55,10,BUY
1759165179.101292,STOCK_UNDERLYING,1134.75,10,BUY
1759165179.1155229,STOCK_1090_PE,11.85,10,BUY
1759165179.1255174,STOCK_UNDERLYING,1134.75,3,BUY
1759165179.1315215,STOCK_1075_CE,17.4,10,BUY
1759165179.144521,STOCK_1095_CE,6.55,10,BUY
1759165179.15918,STOCK_1080_CE,13.8,10,BUY
1759165179.173176,STOCK_1100_PE,18.05,7,BUY
1759165179.1951764,STOCK_1100_CE,4.8,10,BUY
1759165179.2051795,STOCK_1095_CE,6.55,10,BUY
1759165179.2411795,STOCK_UNDERLYING,1136.95,10,BUY
1759165179.2551887,STOCK_1090_PE,11.85,5,BUY
1759165179.2571766,STOCK_1090_PE,11.85,5,BUY
1759165179.2671814,STOCK_UNDERLYING,1136.95,10,BUY
1759165179.273102,STOCK_1075_CE,17.4,10,BUY
1759165179.2871995,STOCK_1095_CE,6.55,10,BUY
1759165179.3011909,STOCK_1080_CE,13.8,10,BUY
1759165179.3145049,STOCK_1100_PE,18.2,10,BUY
1759165179.3365016,STOCK_1100_CE,4.8,9,BUY
1759165179.3385108,STOCK_1100_CE,4.8,1,BUY
1759165179.3485005,STOCK_1095_CE,6.55,3,BUY
1759165179.3495052,STOCK_1095_CE,6.55,7,BUY
1759165179.3934226,STOCK_UNDERLYING,1136.95,10,BUY
1759165179.4074202,STOCK_1090_PE,11.85,6,BUY
1759165179.4174244,STOCK_UNDERLYING,1136.95,10,BUY
1759165179.4234202,STOCK_1075_CE,17.4,10,BUY
1759165179.4384205,STOCK_1095_CE,6.55,10,BUY
1759165179.4562216,STOCK_1080_CE,13.8,5,BUY
1759165179.4793026,STOCK_1100_PE,18.2,10,BUY
1759165179.502305,STOCK_1100_CE,4.8,10,BUY
1759165179.5123217,STOCK_1095_CE,6.55,5,BUY
1759165179.5133028,STOCK_1095_CE,6.55,5,BUY
1759165179.547334,STOCK_UNDERLYING,1136.95,7,BUY
1759165179.5613217,STOCK_1090_PE,11.9,10,BUY
1759165179.5713215,STOCK_UNDERLYING,1137.9,10,BUY
1759165179.577316,STOCK_1075_CE,17.4,6,BUY
1759165179.590315,STOCK_1095_CE,6.55,10,BUY
1759165179.6047232,STOCK_1080_CE,13.95,10,BUY
1759165179.6187294,STOCK_1100_PE,18.2,10,BUY
1759165179.639712,STOCK_1100_CE,4.8,10,BUY
1759165179.6827118,STOCK_UNDERLYING,1137.9,10,BUY
1759165179.6972253,STOCK_1090_PE,11.9,10,BUY
1759165179.7072086,STOCK_UNDERLYING,1137.9,3,BUY
1759165179.7124927,STOCK_1075_CE,17.45,10,BUY
1759165179.7395084,STOCK_1080_CE,13.95,10,BUY
1759165179.7534883,STOCK_1100_PE,18.2,6,BUY
1759165179.77588,STOCK_1100_CE,4.8,10,BUY
1759165179.81895,STOCK_UNDERLYING,1140.45,10,BUY
1759165179.8339617,STOCK_1090_PE,11.9,9,BUY
1759165179.8439484,STOCK_UNDERLYING,1140.45,3,BUY
1759165179.849954,STOCK_1075_CE,17.45,10,BUY
1759165179.8759475,STOCK_1080_CE,13.95,10,BUY
1759165179.8899593,STOCK_1100_PE,18.35,10,BUY
1759165179.9129422,STOCK_1100_CE,4.8,2,BUY
1759165179.913948,STOCK_1100_CE,4.8,8,BUY
1759165179.968941,STOCK_1090_PE,11.95,10,BUY
1759165179.9839401,STOCK_1075_CE,17.45,10,BUY
1759165180.0090532,STOCK_1080_CE,13.95,10,BUY
1759165180.0230386,STOCK_1100_PE,18.35,6,BUY
1759165180.0250418,STOCK_1100_PE,18.35,4,BUY
1759165180.0470424,STOCK_1100_CE,4.8,10,BUY
1759165180.101041,STOCK_1090_PE,11.95,10,BUY
1759165180.1150463,STOCK_1075_CE,17.45,10,BUY
1759165180.141293,STOCK_1080_CE,13.95,9,BUY
1759165180.1551979,STOCK_1100_PE,18.35,10,BUY
1759165180.1782684,STOCK_1100_CE,4.8,10,BUY
1759165180.2322674,STOCK_1090_PE,11.95,10,BUY
1759165180.2472756,STOCK_1075_CE,17.45,7,BUY
1759165180.2735498,STOCK_1080_CE,14.0,10,BUY
1759165180.2875535,STOCK_1100_PE,18.35,7,BUY
1759165180.3096595,STOCK_1100_CE,4.8,3,BUY
1759165180.3658292,STOCK_1090_PE,11.95,3,BUY
1759165180.3667426,STOCK_1090_PE,11.95,7,BUY
1759165180.3818343,STOCK_1075_CE,17.55,10,BUY
1759165180.406833,STOCK_1080_CE,14.0,10,BUY
1759165180.421812,STOCK_1100_PE,18.45,10,BUY
1759165180.4439065,STOCK_1100_CE,4.85,10,BUY
1759165180.4979057,STOCK_1090_PE,11.95,10,BUY
1759165180.511906,STOCK_1075_CE,17.55,10,BUY
1759165180.5384798,STOCK_1080_CE,14.0,10,BUY
1759165180.55354,STOCK_1100_PE,18.45,10,BUY
1759165180.5754507,STOCK_1100_CE,4.85,10,BUY
1759165180.6295342,STOCK_1090_PE,11.95,10,BUY
1759165180.6445243,STOCK_1075_CE,17.55,5,BUY
1759165180.6705215,STOCK_1080_CE,14.0,10,BUY
1759165180.6845243,STOCK_1100_PE,18.45,10,BUY
1759165180.7065215,STOCK_1100_CE,4.85,10,BUY
1759165180.7615302,STOCK_1090_PE,11.95,1,BUY
1759165180.7761943,STOCK_1075_CE,17.6,10,BUY
1759165180.8021967,STOCK_1080_CE,14.0,4,BUY
1759165180.8162496,STOCK_1100_PE,18.45,10,BUY
1759165180.8389683,STOCK_1100_CE,4.85,6,BUY
1759165180.8409915,STOCK_1100_CE,4.85,4,BUY
1759165180.8962324,STOCK_1090_PE,12.0,10,BUY
1759165180.9102316,STOCK_1075_CE,17.6,10,BUY
1759165180.93625,STOCK_1080_CE,14.05,10,BUY
1759165180.9506342,STOCK_1100_PE,18.45,9,BUY
1759165180.9726071,STOCK_1100_CE,4.85,10,BUY
1759165181.0276346,STOCK_1090_PE,12.0,10,BUY
1759165181.0416288,STOCK_1075_CE,17.6,10,BUY
1759165181.067634,STOCK_1080_CE,14.05,10,BUY
1759165181.082628,STOCK_1100_PE,18.55,10,BUY
1759165181.1047482,STOCK_1100_CE,4.85,9,BUY
1759165181.1068263,STOCK_1100_CE,4.85,1,BUY
1759165181.1608267,STOCK_1090_PE,12.0,10,BUY
1759165181.1758409,STOCK_1075_CE,17.6,10,BUY
1759165181.2018332,STOCK_1080_CE,14.05,10,BUY
1759165181.2158368,STOCK_1100_PE,18.55,10,BUY
1759165181.2381527,STOCK_1100_CE,4.85,2,BUY
1759165181.2922633,STOCK_1090_PE,12.0,5,BUY
1759165181.3096666,STOCK_1075_CE,17.6,4,BUY
1759165181.3366618,STOCK_1080_CE,14.05,9,BUY
1759165181.3526661,STOCK_1100_PE,18.55,10,BUY
1759165181.3766613,STOCK_1100_CE,4.9,10,BUY
1759165181.4686651,STOCK_1080_CE,14.1,10,BUY
1759165181.482655,STOCK_1100_PE,18.55,10,BUY
1759165181.5046582,STOCK_1100_CE,4.9,10,BUY
1759165181.5956335,STOCK_1080_CE,14.1,10,BUY
1759165181.6107159,STOCK_1100_PE,18.55,7,BUY
1759165181.6317146,STOCK_1100_CE,4.9,10,BUY
1759165181.7216327,STOCK_1080_CE,14.1,10,BUY
1759165181.7367187,STOCK_1100_PE,18.6,1,BUY
1759165181.7577124,STOCK_1100_CE,4.9,5,BUY
1759165181.8489416,STOCK_1080_CE,14.1,10,BUY
1759165181.9741576,STOCK_1080_CE,14.1,2,BUY
1759165182.0966246,STOCK_1080_CE,14.25,10,BUY
1759165182.219625,STOCK_1080_CE,14.25,10,BUY
1759165182.3419003,STOCK_1080_CE,14.25,7,BUY
1759165182.3428824,STOCK_1080_CE,14.25,3,BUY
1759165182.4669075,STOCK_1080_CE,14.25,10,BUY
1759165182.5900986,STOCK_1080_CE,14.25,10,BUY
1759165182.7123373,STOCK_1080_CE,14.25,3,BUY
1759167043.4221754,STOCK_1060_CE,8.89,51234,SELL
1759167043.435345,STOCK_1060_PE,10.29,51150,SELL
1759167043.451255,STOCK_1065_CE,6.73,51240,SELL
1759167043.4652586,STOCK_1065_PE,13.14,51150,SELL
1759167043.4831948,STOCK_1070_CE,4.97,51246,SELL
1759167043.504218,STOCK_1070_PE,16.38,51148,SELL
1759167043.521098,STOCK_1075_CE,3.58,51250,SELL
1759167043.5391011,STOCK_1075_PE,19.98,51146,SELL
1759167043.557097,STOCK_1080_CE,2.51,51254,SELL
1759167043.575038,STOCK_1080_PE,23.91,51143,SELL
1759167043.5951226,STOCK_1090_CE,1.13,51259,SELL
1759167043.610076,STOCK_1090_PE,32.52,51134,SELL
1759167043.6220298,STOCK_1095_CE,0.73,51261,SELL
1759167043.6372783,STOCK_1095_PE,37.12,51129,SELL
1759167043.6532896,STOCK_1100_CE,0.45,51262,SELL
1759167043.6682913,STOCK_1100_PE,41.84,51124,SELL
1759167043.6834307,STOCK_1105_CE,0.28,51263,SELL
1759167043.6985407,STOCK_1105_PE,46.66,51118,SELL
1759167043.7155325,STOCK_1110_CE,0.16,51264,SELL
1759167043.7345326,STOCK_1110_PE,51.55,51112,SELL
1759167047.4275582,STOCK_1060_PE,10.29,5,SELL
1759167047.497935,STOCK_1070_PE,16.38,5,SELL
1759167047.5219557,STOCK_1075_CE,3.58,4,SELL
1759167047.5668066,STOCK_1080_CE,2.51,5,SELL
1759167047.5826547,STOCK_1080_PE,23.91,15,SELL
1759167047.5966647,STOCK_1090_CE,1.13,7,SELL
1759167047.6527328,STOCK_1100_PE,41.84,7,SELL
1759167047.665733,STOCK_1105_CE,0.28,154,SELL
1759167047.6947107,STOCK_1110_CE,0.16,1829,SELL
1759167047.6967106,STOCK_1110_CE,0.16,1175,SELL
1759167050.6229484,STOCK_1060_CE,8.89,4,SELL
1759167050.675067,STOCK_1065_PE,13.14,8,SELL
1759167050.7306058,STOCK_1075_CE,3.58,4,SELL
1759167050.7494957,STOCK_1075_PE,19.98,1,SELL
1759167050.786914,STOCK_1080_PE,23.91,16,SELL
1759167050.8114326,STOCK_1090_CE,1.13,4,SELL
1759167050.8383737,STOCK_1090_PE,32.52,9,SELL
1759167050.903813,STOCK_1100_PE,41.84,6,SELL
1759167050.9178152,STOCK_1105_CE,0.28,22,SELL
1759167050.9630089,STOCK_1110_CE,0.16,424,SELL
1759167054.6173882,STOCK_1060_CE,8.89,14,SELL
1759167054.6597335,STOCK_1065_CE,6.73,7,SELL
1759167054.7040315,STOCK_1070_CE,4.97,9,SELL
1759167054.7321382,STOCK_1070_PE,16.38,5,SELL
1759167054.7610402,STOCK_1075_CE,3.58,5,SELL
1759167054.8257823,STOCK_1080_CE,2.51,4,SELL
1759167054.8783848,STOCK_1080_PE,23.91,1,SELL
1759167054.921862,STOCK_1090_CE,1.13,6,SELL
1759167054.9663696,STOCK_1090_PE,32.52,4,SELL
1759167055.0052886,STOCK_1095_CE,0.73,22,SELL
1759167055.051397,STOCK_1095_PE,37.12,17,SELL
1759167055.100238,STOCK_1100_CE,0.45,9,SELL
1759167055.1341724,STOCK_1100_PE,41.84,11,SELL
1759167055.169909,STOCK_1105_CE,0.28,3,SELL
1759167055.2169895,STOCK_1105_PE,46.66,1,SELL
1759167055.2543836,STOCK_1110_CE,0.16,82,SELL
1759167058.5982916,STOCK_1060_CE,8.89,14,SELL
1759167058.6083431,STOCK_1060_PE,10.29,4,SELL
1759167058.6223094,STOCK_1065_CE,6.73,8,SELL
1759167058.6412857,STOCK_1065_PE,13.14,11,SELL
1759167058.6792927,STOCK_1070_PE,16.38,5,SELL
1759167058.7685864,STOCK_1095_CE,0.73,17,SELL
1759167058.7856102,STOCK_1095_PE,37.12,14,SELL
1759167058.8373318,STOCK_1105_PE,46.66,7,SELL
1759167058.8508296,STOCK_1110_CE,0.16,16,SELL
1759167058.8638375,STOCK_1110_PE,51.55,21,SELL
1759167061.9306555,STOCK_1065_CE,6.73,11,SELL
1759167061.9647624,STOCK_1070_CE,4.97,3,SELL
1759167062.0094519,STOCK_1075_CE,3.58,25,SELL
1759167062.082091,STOCK_1080_PE,23.91,4,SELL
1759167062.2712145,STOCK_1110_CE,0.16,4,SELL
1759167062.2863388,STOCK_1110_PE,51.55,18,SELL
1759167065.3021884,STOCK_1060_CE,8.89,13,SELL
1759167065.3521721,STOCK_1065_PE,13.14,10,SELL
1759167065.365492,STOCK_1070_CE,4.97,24,SELL
1759167065.3795648,STOCK_1070_PE,16.38,3,SELL
1759167065.467723,STOCK_1090_PE,32.52,5,SELL
1759167065.519716,STOCK_1095_PE,37.12,1,SELL
1759167065.5463061,STOCK_1100_PE,41.84,8,SELL
1759167065.5707257,STOCK_1105_PE,46.66,13,SELL
1759167065.5961916,STOCK_1110_PE,51.55,4,SELL
1759167068.715392,STOCK_1060_CE,8.89,11,SELL
1759167068.7257867,STOCK_1060_PE,10.29,11,SELL
1759167068.7495341,STOCK_1065_PE,13.14,13,SELL
1759167068.7635589,STOCK_1070_CE,4.97,2,SELL
1759167068.7772686,STOCK_1070_PE,16.38,2,SELL
1759167068.7931926,STOCK_1075_CE,3.58,3,SELL
1759167068.8082154,STOCK_1075_PE,19.98,5,SELL
1759167068.8222237,STOCK_1080_CE,2.51,3,SELL
1759167068.8352163,STOCK_1080_PE,23.91,11,SELL
1759167068.872988,STOCK_1090_PE,32.52,1,SELL
1759167068.8964906,STOCK_1095_CE,0.73,12,SELL
1759167068.9156375,STOCK_1095_PE,37.12,13,SELL
1759167068.956667,STOCK_1100_PE,41.84,2,SELL
1759167069.0029235,STOCK_1105_PE,46.66,9,SELL
1759167072.0230732,STOCK_1065_CE,6.73,2,SELL
1759167072.0637288,STOCK_1070_CE,4.97,20,SELL
1759167072.0846364,STOCK_1070_PE,16.38,9,SELL
1759167072.1015952,STOCK_1075_CE,3.58,1,SELL
1759167072.1165428,STOCK_1075_PE,19.98,12,SELL
1759167072.1649752,STOCK_1090_CE,1.13,15,SELL
1759167075.5343003,STOCK_1070_CE,4.97,12,SELL
1759167075.5607984,STOCK_1075_CE,3.58,1,SELL
1759167075.5768259,STOCK_1075_PE,19.98,2,SELL
1759167075.600713,STOCK_1080_PE,23.91,15,SELL
1759167075.6147141,STOCK_1090_CE,1.13,2,SELL
1759167075.6424868,STOCK_1095_CE,0.73,1,SELL
1759167075.6572218,STOCK_1095_PE,37.12,3,SELL
1759167075.7264411,STOCK_1105_PE,46.66,9,SELL
1759167079.3500364,STOCK_1060_CE,8.89,4,SELL
1759167079.3800027,STOCK_1065_CE,6.73,3,SELL
1759167079.4136393,STOCK_1070_CE,4.97,6,SELL
1759167079.4606364,STOCK_1075_PE,19.98,18,SELL
1759167079.4976401,STOCK_1080_PE,23.91,8,SELL
1759167079.5310056,STOCK_1090_CE,1.13,1,SELL
1759167079.577678,STOCK_1090_PE,32.52,12,SELL
1759167079.6248703,STOCK_1095_PE,37.12,13,SELL
1759167079.6921368,STOCK_1105_PE,46.66,2,SELL
1759167079.7296853,STOCK_1110_PE,51.55,14,SELL
1759167082.6611607,STOCK_1065_PE,13.14,7,SELL
1759167082.6871674,STOCK_1070_PE,16.38,10,SELL
1759167082.7011738,STOCK_1075_CE,3.58,1,SELL
1759167082.7178495,STOCK_1075_PE,19.98,8,SELL
1759167082.7438703,STOCK_1080_PE,23.91,16,SELL
1759167082.7618566,STOCK_1090_CE,1.13,5,SELL
1759167082.7839675,STOCK_1090_PE,32.52,10,SELL
1759167082.80225,STOCK_1095_CE,0.73,19,SELL
1759167082.868485,STOCK_1100_PE,41.84,13,SELL
1759167085.9779663,STOCK_1060_CE,8.89,9,SELL
1759167086.0056653,STOCK_1065_CE,6.73,4,SELL
1759167086.0973458,STOCK_1080_PE,23.91,7,SELL
1759167086.1549585,STOCK_1095_PE,37.12,3,SELL
1759167086.1659527,STOCK_1100_CE,0.45,5,SELL
1759167086.2147806,STOCK_1105_PE,46.66,3,SELL
1759167086.277898,STOCK_1110_PE,51.55,13,SELL
1759167089.2729988,STOCK_1060_CE,8.89,9,SELL
1759167089.2911239,STOCK_1060_PE,10.29,4,SELL
1759167089.3061063,STOCK_1065_CE,6.73,1,SELL
1759167089.3207173,STOCK_1065_PE,13.14,2,SELL
1759167089.356308,STOCK_1070_PE,16.38,11,SELL
1759167089.3781314,STOCK_1075_CE,3.58,2,SELL
1759167089.431122,STOCK_1080_CE,2.51,10,SELL
1759167089.545644,STOCK_1095_CE,0.73,19,SELL
1759167089.5738761,STOCK_1095_PE,37.12,6,SELL
1759167089.6228914,STOCK_1100_PE,41.84,1,SELL
1759167089.6798885,STOCK_1105_PE,46.66,3,SELL
1759167093.1885087,STOCK_1060_CE,8.89,32,SELL
1759167093.228069,STOCK_1065_CE,6.73,3,SELL
1759167093.2702312,STOCK_1070_CE,4.97,14,SELL
1759167093.330399,STOCK_1075_PE,19.98,11,SELL
1759167093.347497,STOCK_1080_CE,2.51,3,SELL
1759167093.3621879,STOCK_1080_PE,23.91,13,SELL
1759167093.4179683,STOCK_1095_CE,0.73,20,SELL
1759167093.444138,STOCK_1095_PE,37.12,11,SELL
1759167093.4731398,STOCK_1100_CE,0.45,4,SELL
1759167093.5061407,STOCK_1100_PE,41.84,1,SELL
1759167093.6196594,STOCK_1110_PE,51.55,1,SELL
1759167097.8975067,STOCK_1060_PE,10.29,9,SELL
1759167097.925017,STOCK_1065_CE,6.73,2,SELL
1759167097.9602268,STOCK_1070_CE,4.97,19,SELL
1759167097.976287,STOCK_1070_PE,16.38,18,SELL
1759167097.9958365,STOCK_1075_CE,3.58,15,SELL
1759167098.0125334,STOCK_1075_PE,19.98,1,SELL
1759167098.0522668,STOCK_1080_PE,23.91,10,SELL
1759167098.071701,STOCK_1090_CE,1.13,20,SELL
1759167098.0994756,STOCK_1090_PE,32.52,3,SELL
1759167098.1278179,STOCK_1095_CE,0.73,6,SELL
1759167098.2126262,STOCK_1100_PE,41.84,13,SELL
1759167098.3612044,STOCK_1110_PE,51.55,8,SELL
1759167102.107089,STOCK_1070_CE,4.97,19,SELL
1759167102.1232758,STOCK_1070_PE,16.38,2,SELL
1759167102.1622603,STOCK_1080_CE,2.51,6,SELL
1759167102.179767,STOCK_1080_PE,23.91,14,SELL
1759167102.1937635,STOCK_1090_CE,1.13,11,SELL
1759167102.2076545,STOCK_1090_PE,32.52,3,SELL
1759167102.2245946,STOCK_1095_CE,0.73,16,SELL
1759167102.2959387,STOCK_1100_CE,0.45,5,SELL
1759167102.405923,STOCK_1110_PE,51.55,15,SELL
1759167106.2228165,STOCK_1065_CE,6.73,9,SELL
1759167106.3050852,STOCK_1080_PE,23.91,3,SELL
1759167106.317269,STOCK_1090_CE,1.13,7,SELL
1759167106.3442657,STOCK_1095_CE,0.73,6,SELL
1759167106.359331,STOCK_1095_PE,37.12,9,SELL
1759167106.386812,STOCK_1100_PE,41.84,18,SELL
1759167110.0935543,STOCK_1065_PE,13.14,1,SELL
1759167110.12073,STOCK_1070_PE,16.38,14,SELL
1759167110.1398027,STOCK_1075_CE,3.58,12,SELL
1759167110.1580687,STOCK_1075_PE,19.98,13,SELL
1759167110.2265036,STOCK_1090_PE,32.52,4,SELL
1759167110.3946211,STOCK_1110_PE,51.55,5,SELL
1759167116.1348228,STOCK_1060_CE,8.89,2,SELL
1759167116.349683,STOCK_1075_CE,3.58,24,SELL
1759167116.3836317,STOCK_1075_PE,19.98,24,SELL
1759167116.4256275,STOCK_1080_CE,2.51,5,SELL
1759167116.4642386,STOCK_1080_PE,23.91,3,SELL
1759167116.5092905,STOCK_1090_CE,1.13,6,SELL
1759167116.6182094,STOCK_1095_PE,37.12,3,SELL
1759167116.7749546,STOCK_1105_PE,46.66,9,SELL
1759167116.855239,STOCK_1110_PE,51.55,18,SELL
1759167124.405639,STOCK_1060_CE,8.89,1,SELL
1759167124.6865282,STOCK_1080_CE,2.51,9,SELL
1759167124.7315266,STOCK_1080_PE,23.91,13,SELL
1759167124.802793,STOCK_1090_PE,32.52,8,SELL
1759167124.9377413,STOCK_1100_PE,41.84,2,SELL
1759167132.415843,STOCK_1060_PE,10.29,23,SELL
1759167132.4991229,STOCK_1065_PE,13.14,25,SELL
1759167132.7545311,STOCK_1075_PE,19.98,1,SELL
1759167132.8236828,STOCK_1080_PE,23.91,14,SELL
1759167132.8615582,STOCK_1090_CE,1.13,5,SELL
1759167132.934421,STOCK_1095_CE,0.73,7,SELL
1759167132.98042,STOCK_1095_PE,37.12,1,SELL
1759167133.023222,STOCK_1100_CE,0.45,6,SELL
1759167133.2100964,STOCK_1110_PE,51.55,16,SELL
1759167140.196895,STOCK_1060_CE,8.89,4,SELL
1759167140.2506251,STOCK_1065_PE,13.14,7,SELL
1759167140.2860827,STOCK_1070_PE,16.38,19,SELL
1759167140.3030066,STOCK_1075_CE,3.58,6,SELL
1759167140.327845,STOCK_1075_PE,19.98,15,SELL
1759167140.4142222,STOCK_1090_PE,32.52,11,SELL
1759167140.452874,STOCK_1095_PE,37.12,6,SELL
1759167144.6327374,STOCK_1060_CE,8.89,11,SELL
1759167144.6457398,STOCK_1060_PE,10.29,12,SELL
1759167144.7214422,STOCK_1070_PE,16.38,5,SELL
1759167144.7704675,STOCK_1075_PE,19.98,2,SELL
1759167144.8247612,STOCK_1080_PE,23.91,8,SELL
1759167144.9063447,STOCK_1095_PE,37.12,2,SELL
1759167144.9600992,STOCK_1100_PE,41.84,15,SELL
1759167149.0677018,STOCK_1060_PE,10.29,4,SELL
1759167149.1315281,STOCK_1065_PE,13.14,7,SELL
1759167149.1965554,STOCK_1075_CE,3.58,9,SELL
1759167149.2256005,STOCK_1080_CE,2.51,1,SELL
1759167149.2396839,STOCK_1080_PE,23.91,8,SELL
1759167149.2790213,STOCK_1090_CE,1.13,16,SELL
1759167149.3752012,STOCK_1095_PE,37.12,10,SELL
1759167149.4034128,STOCK_1100_CE,0.45,2,SELL
1759167149.555365,STOCK_1110_PE,51.55,7,SELL
1759167154.37583,STOCK_1070_CE,4.97,18,SELL
1759167154.4540076,STOCK_1080_CE,2.51,12,SELL
1759167154.5130997,STOCK_1090_PE,32.52,1,SELL
1759167154.5310283,STOCK_1095_CE,0.73,1,SELL
1759167154.6199734,STOCK_1105_PE,46.66,13,SELL
1759167154.6499581,STOCK_1110_PE,51.55,6,SELL
1759167159.1176548,STOCK_1065_PE,13.14,1,SELL
1759167159.1521153,STOCK_1070_CE,4.97,9,SELL
1759167159.1815507,STOCK_1070_PE,16.38,6,SELL
1759167159.2008543,STOCK_1075_CE,3.58,11,SELL
1759167159.345113,STOCK_1090_PE,32.52,2,SELL
1759167159.439469,STOCK_1100_CE,0.45,14,SELL
1759167159.4712298,STOCK_1100_PE,41.84,12,SELL
1759167159.5300527,STOCK_1105_PE,46.66,28,SELL
1759167163.600047,STOCK_1065_CE,6.73,6,SELL
1759167163.6207561,STOCK_1065_PE,13.14,13,SELL
1759167163.7071059,STOCK_1075_PE,19.98,6,SELL
1759167163.7445865,STOCK_1080_CE,2.51,6,SELL
1759167163.825565,STOCK_1090_PE,32.52,6,SELL
1759167163.873751,STOCK_1095_PE,37.12,7,SELL
1759167163.9535933,STOCK_1110_PE,51.55,4,SELL
1759167167.1068952,STOCK_1065_CE,6.73,1,SELL
1759167167.1181061,STOCK_1065_PE,13.14,3,SELL
1759167167.1322103,STOCK_1070_CE,4.97,13,SELL
1759167167.168304,STOCK_1075_CE,3.58,10,SELL
1759167167.1973305,STOCK_1080_CE,2.51,7,SELL
1759167167.2194436,STOCK_1080_PE,23.91,4,SELL
1759167167.2703304,STOCK_1095_PE,37.12,6,SELL
1759167167.2834656,STOCK_1100_CE,0.45,1,SELL
1759167167.3177366,STOCK_1105_PE,46.66,8,SELL
1759167170.0606596,STOCK_1060_CE,8.89,3,SELL
1759167170.0826747,STOCK_1065_CE,6.73,6,SELL
1759167170.1326897,STOCK_1070_PE,16.38,2,SELL
1759167170.160215,STOCK_1075_CE,3.58,4,SELL
1759167170.206935,STOCK_1080_CE,2.51,11,SELL
1759167170.2846606,STOCK_1095_PE,37.12,1,SELL
1759167170.374345,STOCK_1110_PE,51.55,1,SELL
1759167173.2228498,STOCK_1060_PE,10.29,8,SELL
1759167173.2469754,STOCK_1065_PE,13.14,5,SELL
1759167173.2822745,STOCK_1070_PE,16.38,6,SELL
1759167173.3643641,STOCK_1080_PE,23.91,5,SELL
1759167173.407773,STOCK_1090_PE,32.52,4,SELL
1759167173.4222322,STOCK_1095_CE,0.73,1,SELL
1759167173.4377785,STOCK_1095_PE,37.12,13,SELL
1759167173.4632711,STOCK_1100_PE,41.84,9,SELL
1759167176.3874507,STOCK_1060_CE,8.89,10,SELL
1759167176.414027,STOCK_1060_PE,10.29,1,SELL
1759167176.533599,STOCK_1075_CE,3.58,9,SELL
1759167176.573619,STOCK_1080_CE,2.51,3,SELL
1759167176.6335475,STOCK_1090_PE,32.52,1,SELL
1759167176.7199614,STOCK_1105_PE,46.66,6,SELL
1759167179.7829263,STOCK_1060_PE,10.29,2,SELL
1759167179.7968915,STOCK_1065_CE,6.73,2,SELL
1759167179.8100898,STOCK_1065_PE,13.14,10,SELL
1759167179.8243358,STOCK_1070_CE,4.97,16,SELL
1759167179.8353057,STOCK_1070_PE,16.38,3,SELL
1759167179.8664212,STOCK_1075_PE,19.98,15,SELL
1759167179.9094536,STOCK_1080_PE,23.91,13,SELL
1759167179.9334247,STOCK_1090_PE,32.52,7,SELL
1759167179.9586053,STOCK_1095_PE,37.12,7,SELL
1759167179.9735932,STOCK_1100_CE,0.45,8,SELL
1759167179.9855022,STOCK_1100_PE,41.84,12,SELL
1759167180.0484028,STOCK_1110_PE,51.55,7,SELL
1759167182.9721653,STOCK_1060_PE,10.29,2,SELL
1759167182.9869514,STOCK_1065_CE,6.73,8,SELL
1759167183.0029125,STOCK_1065_PE,13.14,2,SELL
1759167183.0409229,STOCK_1070_PE,16.38,8,SELL
1759167183.084115,STOCK_1075_PE,19.98,5,SELL
1759167183.1111717,STOCK_1080_CE,2.51,13,SELL
1759167183.1590717,STOCK_1090_CE,1.13,8,SELL
1759167183.2168832,STOCK_1100_PE,41.84,10,SELL
1759167183.2438943,STOCK_1105_PE,46.66,24,SELL
1759167183.266896,STOCK_1110_PE,51.55,7,SELL
1759167186.2381754,STOCK_1060_PE,10.29,17,SELL
1759167186.3123558,STOCK_1075_CE,3.58,21,SELL
1759167186.326355,STOCK_1075_PE,19.98,3,SELL
1759167186.340356,STOCK_1080_CE,2.51,2,SELL
1759167186.3544407,STOCK_1080_PE,23.91,9,SELL
1759167186.454396,STOCK_1105_PE,46.66,6,SELL
1759167186.4925382,STOCK_1110_PE,51.55,28,SELL
1759167189.4160147,STOCK_1060_PE,10.29,7,SELL
1759167189.4300363,STOCK_1065_CE,6.73,9,SELL
1759167189.4480193,STOCK_1065_PE,13.14,6,SELL
1759167189.5080168,STOCK_1075_CE,3.58,1,SELL
1759167189.5569003,STOCK_1080_CE,2.51,7,SELL
1759167189.5881162,STOCK_1080_PE,23.91,3,SELL
1759167189.606275,STOCK_1090_CE,1.13,14,SELL
1759167189.6231818,STOCK_1090_PE,32.52,2,SELL
1759167189.6774852,STOCK_1100_PE,41.84,5,SELL
1759167189.7595124,STOCK_1110_PE,51.55,5,SELL
1759167192.758794,STOCK_1060_CE,8.89,7,SELL
1759167192.781214,STOCK_1065_CE,6.73,9,SELL
1759167192.7952597,STOCK_1065_PE,13.14,15,SELL
1759167192.8100944,STOCK_1070_CE,4.97,1,SELL
1759167192.824021,STOCK_1070_PE,16.38,1,SELL
1759167192.8481169,STOCK_1075_PE,19.98,13,SELL
1759167192.8661325,STOCK_1080_CE,2.51,9,SELL
1759167192.9507844,STOCK_1095_PE,37.12,8,SELL
1759167192.975856,STOCK_1100_CE,0.45,1,SELL
1759167193.0816946,STOCK_1110_PE,51.55,1,SELL
1759167196.4915583,STOCK_1060_CE,8.89,1,SELL
1759167196.5024226,STOCK_1060_PE,10.29,10,SELL
1759167196.5158925,STOCK_1065_CE,6.73,25,SELL
1759167196.5759711,STOCK_1075_CE,3.58,11,SELL
1759167196.6099946,STOCK_1080_CE,2.51,9,SELL
1759167196.6444085,STOCK_1090_CE,1.13,10,SELL
1759167196.6654131,STOCK_1090_PE,32.52,23,SELL
1759167196.681561,STOCK_1095_CE,0.73,28,SELL
1759167196.6937149,STOCK_1095_PE,37.12,14,SELL
1759167200.5470655,STOCK_1060_CE,8.89,7,SELL
1759167200.577475,STOCK_1065_CE,6.73,6,SELL
1759167200.606478,STOCK_1070_CE,4.97,8,SELL
1759167200.6515229,STOCK_1075_PE,19.98,14,SELL
1759167200.6923769,STOCK_1090_CE,1.13,7,SELL
1759167200.7214882,STOCK_1095_CE,0.73,4,SELL
1759167200.7544897,STOCK_1100_CE,0.45,7,SELL
1759167200.7977278,STOCK_1105_PE,46.66,5,SELL
1759167200.8281488,STOCK_1110_PE,51.55,4,SELL
1759167203.8944063,STOCK_1060_PE,10.29,5,SELL
1759167203.9163957,STOCK_1065_CE,6.73,3,SELL
1759167203.9364712,STOCK_1065_PE,13.14,24,SELL
1759167204.0407348,STOCK_1080_PE,23.91,8,SELL
1759167204.1063576,STOCK_1095_CE,0.73,1,SELL
1759167204.134413,STOCK_1095_PE,37.12,11,SELL
1759167204.2397466,STOCK_1105_PE,46.66,1,SELL
1759167207.8913205,STOCK_1065_CE,6.73,15,SELL
1759167207.9957037,STOCK_1080_CE,2.51,12,SELL
1759167208.023692,STOCK_1080_PE,23.91,14,SELL
1759167208.0717044,STOCK_1090_PE,32.52,5,SELL
1759167210.8588119,STOCK_1065_PE,13.14,5,SELL
1759167210.959025,STOCK_1080_PE,23.91,14,SELL
1759167210.973004,STOCK_1090_CE,1.13,8,SELL
1759167211.037701,STOCK_1100_CE,0.45,2,SELL
1759167214.6820269,STOCK_1060_CE,8.89,1,SELL
1759167214.7109447,STOCK_1065_CE,6.73,14,SELL
1759167214.7253284,STOCK_1065_PE,13.14,4,SELL
1759167214.8761218,STOCK_1075_PE,19.98,11,SELL
1759167214.9676378,STOCK_1100_CE,0.45,12,SELL
1759167215.0391586,STOCK_1110_PE,51.55,5,SELL
1759167219.736254,STOCK_1060_PE,10.29,18,SELL
1759167219.8007443,STOCK_1065_PE,13.14,8,SELL
1759167219.8697624,STOCK_1075_CE,3.58,1,SELL
1759167219.9047606,STOCK_1080_CE,2.51,17,SELL
1759167219.9347634,STOCK_1080_PE,23.91,4,SELL
1759167219.9811015,STOCK_1090_PE,32.52,8,SELL
1759167220.0528393,STOCK_1100_PE,41.84,2,SELL
1759167220.1161692,STOCK_1110_PE,51.55,7,SELL
1759167224.1273706,STOCK_1060_CE,8.89,4,SELL
1759167224.2657635,STOCK_1070_PE,16.38,20,SELL
1759167224.2938168,STOCK_1075_CE,3.58,20,SELL
1759167224.3242111,STOCK_1075_PE,19.98,3,SELL
1759167224.4090354,STOCK_1090_CE,1.13,8,SELL
1759167224.437036,STOCK_1090_PE,32.52,7,SELL
1759167224.46303,STOCK_1095_CE,0.73,25,SELL
1759167229.3081734,STOCK_1065_CE,6.73,7,SELL
1759167229.3408158,STOCK_1065_PE,13.14,9,SELL
1759167229.4295044,STOCK_1075_CE,3.58,3,SELL
1759167229.4777899,STOCK_1080_CE,2.51,16,SELL
1759167229.5219548,STOCK_1090_PE,32.52,8,SELL
1759167229.6192677,STOCK_1100_CE,0.45,7,SELL
1759167229.6561291,STOCK_1100_PE,41.84,8,SELL
1759167233.520779,STOCK_1060_CE,8.89,5,SELL
1759167233.541594,STOCK_1060_PE,10.29,1,SELL
1759167233.6099052,STOCK_1070_PE,16.38,4,SELL
1759167233.6349573,STOCK_1075_CE,3.58,3,SELL
1759167233.6823883,STOCK_1080_CE,2.51,3,SELL
1759167233.7026534,STOCK_1080_PE,23.91,5,SELL
1759167233.7506642,STOCK_1095_CE,0.73,1,SELL
1759167233.7677028,STOCK_1095_PE,37.12,2,SELL
1759167237.021564,STOCK_1070_CE,4.97,14,SELL
1759167237.0406692,STOCK_1070_PE,16.38,7,SELL
1759167237.061729,STOCK_1075_CE,3.58,1,SELL
1759167237.1336873,STOCK_1090_CE,1.13,25,SELL
1759167241.7546053,STOCK_1060_CE,8.89,11,SELL
1759167241.7801235,STOCK_1065_CE,6.73,17,SELL
1759167241.793122,STOCK_1065_PE,13.14,17,SELL
1759167241.8070517,STOCK_1070_CE,4.97,6,SELL
1759167241.8350754,STOCK_1075_CE,3.58,3,SELL
1759167241.8500974,STOCK_1075_PE,19.98,5,SELL
1759167241.8895648,STOCK_1090_CE,1.13,1,SELL
1759167241.9058366,STOCK_1090_PE,32.52,25,SELL
1759167241.9233797,STOCK_1095_CE,0.73,14,SELL
1759167241.9403634,STOCK_1095_PE,37.12,12,SELL
1759167242.0374482,STOCK_1110_PE,51.55,11,SELL
1759167245.2689517,STOCK_1060_PE,10.29,3,SELL
1759167245.32773,STOCK_1070_PE,16.38,1,SELL
1759167245.357388,STOCK_1075_PE,19.98,12,SELL
1759167245.3773866,STOCK_1080_CE,2.51,4,SELL
1759167245.4226902,STOCK_1090_PE,32.52,2,SELL
1759167245.5341055,STOCK_1105_PE,46.66,6,SELL
1759167245.5581834,STOCK_1110_PE,51.55,5,SELL
1759167248.7923653,STOCK_1060_PE,10.29,6,SELL
1759167248.8133657,STOCK_1065_PE,13.14,9,SELL
1759167248.8253655,STOCK_1070_CE,4.97,4,SELL
1759167248.8653643,STOCK_1080_CE,2.51,1,SELL
1759167248.8853796,STOCK_1090_CE,1.13,7,SELL
1759167248.9063709,STOCK_1095_CE,0.73,4,SELL
1759167248.9603646,STOCK_1105_PE,46.66,10,SELL
1759167252.1538,STOCK_1060_PE,10.29,12,SELL
1759167252.1705313,STOCK_1065_CE,6.73,7,SELL
1759167252.1867702,STOCK_1065_PE,13.14,1,SELL
1759167252.200856,STOCK_1070_CE,4.97,6,SELL
1759167252.3836975,STOCK_1100_PE,41.84,18,SELL
1759167255.8273344,STOCK_1075_PE,19.98,17,SELL
1759167255.8473995,STOCK_1080_CE,2.51,13,SELL
1759167255.8972855,STOCK_1095_CE,0.73,17,SELL
1759167255.9198635,STOCK_1095_PE,37.12,8,SELL
1759167255.9727662,STOCK_1105_PE,46.66,1,SELL
1759167260.7475498,STOCK_1060_CE,8.89,2,SELL
1759167260.7730088,STOCK_1065_CE,6.73,7,SELL
1759167260.9916954,STOCK_1080_CE,2.51,2,SELL
1759167261.0210195,STOCK_1090_CE,1.13,1,SELL
1759167261.0352666,STOCK_1090_PE,32.52,10,SELL
1759167261.0472832,STOCK_1095_CE,0.73,9,SELL
1759167261.0773802,STOCK_1100_CE,0.45,11,SELL
1759167261.0989697,STOCK_1100_PE,41.84,1,SELL
1759167261.1380677,STOCK_1105_PE,46.66,8,SELL
1759167261.1850522,STOCK_1110_PE,51.55,5,SELL
1759167265.369246,STOCK_1065_CE,6.73,8,SELL
1759167265.3862884,STOCK_1065_PE,13.14,18,SELL
1759167265.429686,STOCK_1075_CE,3.58,13,SELL
1759167265.5584297,STOCK_1090_PE,32.52,6,SELL
1759167265.6537197,STOCK_1105_PE,46.66,5,SELL
1759167265.6896446,STOCK_1110_PE,51.55,4,SELL
1759167269.0143058,STOCK_1060_CE,8.89,3,SELL
1759167269.095927,STOCK_1075_PE,19.98,1,SELL
1759167269.121928,STOCK_1080_PE,23.91,1,SELL
1759167269.140931,STOCK_1090_CE,1.13,8,SELL
1759167269.1689107,STOCK_1095_CE,0.73,15,SELL
1759167269.2078853,STOCK_1100_CE,0.45,10,SELL
1759167269.2348895,STOCK_1100_PE,41.84,13,SELL
1759167269.2943842,STOCK_1110_PE,51.55,5,SELL
1759167272.3885183,STOCK_1070_CE,4.97,9,SELL
1759167272.437734,STOCK_1075_CE,3.58,2,SELL
1759167272.4637303,STOCK_1075_PE,19.98,9,SELL
1759167272.524533,STOCK_1090_PE,32.52,1,SELL
1759167272.5528271,STOCK_1095_PE,37.12,3,SELL
1759167275.5588253,STOCK_1070_CE,4.97,5,SELL
1759167275.594817,STOCK_1075_CE,3.58,6,SELL
1759167275.6097298,STOCK_1075_PE,19.98,5,SELL
1759167275.6419158,STOCK_1090_CE,1.13,5,SELL
1759167275.6548777,STOCK_1090_PE,32.52,20,SELL
1759167275.6862597,STOCK_1095_PE,37.12,3,SELL
1759167275.7026541,STOCK_1100_CE,0.45,6,SELL
1759167275.7191505,STOCK_1100_PE,41.84,8,SELL
1759167278.5980823,STOCK_1060_CE,8.89,4,SELL
1759167278.60918,STOCK_1060_PE,10.29,8,SELL
1759167278.633386,STOCK_1065_PE,13.14,8,SELL
1759167278.6467633,STOCK_1070_CE,4.97,14,SELL
1759167278.7132814,STOCK_1080_CE,2.51,11,SELL
1759167278.769814,STOCK_1095_CE,0.73,7,SELL
1759167278.8589354,STOCK_1110_PE,51.55,12,SELL
1759167281.8386059,STOCK_1060_PE,10.29,7,SELL
1759167281.8799384,STOCK_1065_PE,13.14,17,SELL
1759167281.9069388,STOCK_1070_CE,4.97,1,SELL
1759167281.9872727,STOCK_1080_PE,23.91,14,SELL
1759167282.0013537,STOCK_1090_CE,1.13,6,SELL
1759167282.031866,STOCK_1095_CE,0.73,5,SELL
1759167282.1418455,STOCK_1110_PE,51.55,7,SELL
1759167285.2563846,STOCK_1060_CE,8.89,8,SELL
1759167285.2958145,STOCK_1065_CE,6.73,4,SELL
1759167285.3235528,STOCK_1065_PE,13.14,14,SELL
1759167285.3506973,STOCK_1070_CE,4.97,8,SELL
1759167285.422693,STOCK_1080_CE,2.51,7,SELL
1759167285.444767,STOCK_1090_CE,1.13,12,SELL
1759167285.4587488,STOCK_1090_PE,32.52,7,SELL
1759167285.4696841,STOCK_1095_CE,0.73,14,SELL
1759167285.5717897,STOCK_1105_PE,46.66,8,SELL
1759167288.5085294,STOCK_1060_CE,8.89,8,SELL
1759167288.5508213,STOCK_1070_CE,4.97,3,SELL
1759167288.5648205,STOCK_1070_PE,16.38,4,SELL
1759167288.5844712,STOCK_1075_CE,3.58,1,SELL
1759167288.6996434,STOCK_1095_PE,37.12,10,SELL
1759167288.8277452,STOCK_1110_PE,51.55,4,SELL
1759167291.9956954,STOCK_1060_PE,10.29,1,SELL
1759167292.0237193,STOCK_1065_PE,13.14,11,SELL
1759167292.08285,STOCK_1075_CE,3.58,6,SELL
1759167292.1440284,STOCK_1080_PE,23.91,5,SELL
1759167292.171314,STOCK_1090_CE,1.13,13,SELL
1759167292.1995158,STOCK_1090_PE,32.52,2,SELL
1759167292.2241378,STOCK_1095_CE,0.73,16,SELL
1759167292.2451396,STOCK_1095_PE,37.12,14,SELL
1759167292.2622204,STOCK_1100_CE,0.45,1,SELL
1759167292.2772176,STOCK_1100_PE,41.84,7,SELL
1759167292.300132,STOCK_1105_PE,46.66,12,SELL
1759167295.418716,STOCK_1060_CE,8.89,7,SELL
1759167295.4526336,STOCK_1065_CE,6.73,14,SELL
1759167295.4996314,STOCK_1070_CE,4.97,9,SELL
1759167295.5206323,STOCK_1070_PE,16.38,7,SELL
1759167295.538629,STOCK_1075_CE,3.58,3,SELL
1759167295.5626314,STOCK_1080_CE,2.51,1,SELL
1759167295.5797148,STOCK_1080_PE,23.91,14,SELL
1759167295.6016324,STOCK_1090_CE,1.13,4,SELL
1759167295.705087,STOCK_1105_PE,46.66,16,SELL
1759167298.6805856,STOCK_1065_CE,6.73,11,SELL
1759167298.6965818,STOCK_1065_PE,13.14,4,SELL
1759167298.7475843,STOCK_1075_PE,19.98,10,SELL
1759167298.7754755,STOCK_1080_PE,23.91,6,SELL
1759167298.7896018,STOCK_1090_CE,1.13,3,SELL
1759167298.8114789,STOCK_1095_CE,0.73,23,SELL
1759167302.236155,STOCK_1060_CE,8.89,3,SELL
1759167302.2467482,STOCK_1060_PE,10.29,12,SELL
1759167302.308838,STOCK_1070_PE,16.38,12,SELL
1759167302.355205,STOCK_1075_PE,19.98,8,SELL
1759167302.3812003,STOCK_1080_CE,2.51,11,SELL
1759167302.4521997,STOCK_1090_PE,32.52,3,SELL
1759167302.4995043,STOCK_1095_PE,37.12,11,SELL
1759167302.5265074,STOCK_1100_CE,0.45,8,SELL
1759167302.545502,STOCK_1100_PE,41.84,4,SELL
1759167302.5705833,STOCK_1105_PE,46.66,10,SELL
1759167305.3098052,STOCK_1060_PE,10.29,4,SELL
1759167305.3289618,STOCK_1065_CE,6.73,6,SELL
1759167305.3730547,STOCK_1070_CE,4.97,2,SELL
1759167305.4100425,STOCK_1075_CE,3.58,23,SELL
1759167305.4461305,STOCK_1080_PE,23.91,16,SELL
1759167305.4955163,STOCK_1095_CE,0.73,7,SELL
1759167305.5085268,STOCK_1095_PE,37.12,6,SELL
1759167308.453035,STOCK_1065_CE,6.73,28,SELL
1759167308.4718304,STOCK_1065_PE,13.14,1,SELL
1759167308.4948275,STOCK_1070_CE,4.97,14,SELL
1759167308.5218296,STOCK_1070_PE,16.38,8,SELL
1759167308.6135035,STOCK_1080_PE,23.91,16,SELL
1759167308.6906908,STOCK_1095_PE,37.12,16,SELL
1759167308.7154088,STOCK_1100_CE,0.45,2,SELL
1759167311.4224179,STOCK_1060_CE,8.89,1,SELL
1759167311.4343953,STOCK_1060_PE,10.29,8,SELL
1759167311.449396,STOCK_1065_CE,6.73,8,SELL
1759167311.5165079,STOCK_1075_PE,19.98,3,SELL
1759167311.5329762,STOCK_1080_CE,2.51,6,SELL
1759167311.5697813,STOCK_1090_PE,32.52,4,SELL
1759167311.5841174,STOCK_1095_CE,0.73,3,SELL
1759167311.639001,STOCK_1105_PE,46.66,5,SELL
1759167314.6363432,STOCK_1060_CE,8.89,4,SELL
1759167314.648341,STOCK_1060_PE,10.29,12,SELL
1759167314.6899195,STOCK_1070_CE,4.97,2,SELL
1759167314.7108378,STOCK_1070_PE,16.38,2,SELL
1759167314.7443488,STOCK_1075_PE,19.98,3,SELL
1759167314.7757797,STOCK_1080_PE,23.91,3,SELL
1759167314.8267176,STOCK_1095_CE,0.73,20,SELL
1759167314.845677,STOCK_1095_PE,37.12,12,SELL
1759167314.8706732,STOCK_1100_CE,0.45,4,SELL
1759167317.8411624,STOCK_1060_CE,8.89,6,SELL
1759167317.892749,STOCK_1065_PE,13.14,12,SELL
1759167317.951736,STOCK_1075_CE,3.58,7,SELL
1759167317.9957304,STOCK_1080_PE,23.91,5,SELL
1759167321.6829808,STOCK_1060_CE,8.89,11,SELL
1759167321.7018485,STOCK_1060_PE,10.29,11,SELL
1759167321.74015,STOCK_1065_PE,13.14,9,SELL
1759167321.8057075,STOCK_1075_CE,3.58,6,SELL
1759167321.826235,STOCK_1075_PE,19.98,4,SELL
1759167321.8472476,STOCK_1080_CE,2.51,15,SELL
1759167321.866788,STOCK_1080_PE,23.91,8,SELL
1759167321.8847969,STOCK_1090_CE,1.13,15,SELL
1759167321.9088748,STOCK_1090_PE,32.52,1,SELL
1759167321.9358623,STOCK_1095_CE,0.73,5,SELL
1759167321.9597986,STOCK_1095_PE,37.12,5,SELL
1759167321.9852622,STOCK_1100_PE,41.84,7,SELL
1759167322.0142748,STOCK_1105_PE,46.66,14,SELL
1759167322.0472722,STOCK_1110_PE,51.55,4,SELL
1759167325.0801885,STOCK_1060_CE,8.89,5,SELL
1759167325.093216,STOCK_1060_PE,10.29,3,SELL
1759167325.1081913,STOCK_1065_CE,6.73,2,SELL
1759167325.1235638,STOCK_1065_PE,13.14,5,SELL
1759167325.1505415,STOCK_1070_PE,16.38,9,SELL
1759167325.1875443,STOCK_1075_PE,19.98,6,SELL
1759167325.2613826,STOCK_1090_CE,1.13,20,SELL
1759167325.3116171,STOCK_1095_CE,0.73,6,SELL
1759167325.3637848,STOCK_1100_PE,41.84,15,SELL
1759167325.4184675,STOCK_1110_PE,51.55,4,SELL
1759167328.4638355,STOCK_1070_CE,4.97,8,SELL
1759167328.5191345,STOCK_1075_PE,19.98,14,SELL
1759167328.5950313,STOCK_1090_PE,32.52,7,SELL
1759167328.6095917,STOCK_1095_CE,0.73,2,SELL
1759167328.641004,STOCK_1100_CE,0.45,15,SELL
1759167328.7231953,STOCK_1110_PE,51.55,15,SELL
1759167331.6387007,STOCK_1065_PE,13.14,3,SELL
1759167331.684465,STOCK_1070_PE,16.38,7,SELL
1759167331.7359931,STOCK_1075_PE,19.98,2,SELL
1759167331.8110235,STOCK_1090_CE,1.13,11,SELL
1759167331.8341339,STOCK_1090_PE,32.52,9,SELL
1759167331.8510983,STOCK_1095_CE,0.73,10,SELL
1759167331.8693347,STOCK_1095_PE,37.12,2,SELL
1759167331.8990662,STOCK_1100_PE,41.84,1,SELL
1759167331.921064,STOCK_1105_PE,46.66,5,SELL
1759167334.6417248,STOCK_1065_PE,13.14,20,SELL
1759167334.6758714,STOCK_1075_CE,3.58,13,SELL
1759167334.7178607,STOCK_1080_PE,23.91,15,SELL
1759167334.7388601,STOCK_1090_CE,1.13,9,SELL
1759167334.786341,STOCK_1095_PE,37.12,3,SELL
1759167334.8103406,STOCK_1100_PE,41.84,5,SELL
1759167334.8384857,STOCK_1105_PE,46.66,9,SELL
1759167338.034763,STOCK_1070_PE,16.38,12,SELL
1759167338.0757365,STOCK_1075_PE,19.98,12,SELL
1759167338.1152756,STOCK_1080_PE,23.91,6,SELL
1759167338.1513443,STOCK_1095_CE,0.73,18,SELL
1759167338.1652534,STOCK_1095_PE,37.12,6,SELL
1759167338.1762524,STOCK_1100_CE,0.45,20,SELL
1759167341.1532097,STOCK_1060_PE,10.29,4,SELL
1759167341.222691,STOCK_1070_CE,4.97,4,SELL
1759167341.25064,STOCK_1070_PE,16.38,5,SELL
1759167341.297683,STOCK_1075_PE,19.98,8,SELL
1759167341.3250582,STOCK_1080_CE,2.51,13,SELL
1759167341.3528316,STOCK_1080_PE,23.91,13,SELL
1759167341.3793094,STOCK_1090_CE,1.13,23,SELL
1759167341.411588,STOCK_1095_CE,0.73,10,SELL
1759167341.4615881,STOCK_1100_PE,41.84,11,SELL
1759167341.5524635,STOCK_1110_PE,51.55,5,SELL
1759167344.246574,STOCK_1060_CE,8.89,17,SELL
1759167344.2688727,STOCK_1065_CE,6.73,2,SELL
1759167344.2811732,STOCK_1065_PE,13.14,3,SELL
1759167344.291667,STOCK_1070_CE,4.97,8,SELL
1759167344.306766,STOCK_1070_PE,16.38,4,SELL
1759167344.36925,STOCK_1080_CE,2.51,21,SELL
1759167344.3956733,STOCK_1080_PE,23.91,18,SELL
1759167344.4943767,STOCK_1095_PE,37.12,5,SELL
1759167344.5083532,STOCK_1100_CE,0.45,4,SELL
1759167344.547463,STOCK_1105_PE,46.66,1,SELL
1759167347.4609737,STOCK_1075_PE,19.98,2,SELL
1759167347.487914,STOCK_1080_PE,23.91,14,SELL
1759167347.5505404,STOCK_1095_CE,0.73,8,SELL
1759167347.5762286,STOCK_1095_PE,37.12,11,SELL
1759167347.5911064,STOCK_1100_CE,0.45,11,SELL
1759167347.6106045,STOCK_1100_PE,41.84,8,SELL
1759167350.4114187,STOCK_1065_PE,13.14,16,SELL
1759167350.508676,STOCK_1080_PE,23.91,13,SELL
1759167350.5741692,STOCK_1100_CE,0.45,4,SELL
1759167350.6131701,STOCK_1105_PE,46.66,6,SELL
1759167353.3055682,STOCK_1060_CE,8.89,6,SELL
1759167353.316485,STOCK_1060_PE,10.29,3,SELL
1759167353.3764293,STOCK_1070_PE,16.38,17,SELL
1759167353.4034264,STOCK_1075_CE,3.58,6,SELL
1759167353.450115,STOCK_1080_PE,23.91,1,SELL
1759167353.4763887,STOCK_1090_CE,1.13,1,SELL
1759167353.4984965,STOCK_1090_PE,32.52,4,SELL
1759167353.5157993,STOCK_1095_CE,0.73,1,SELL
1759167353.5523353,STOCK_1100_CE,0.45,9,SELL
1759167353.6049066,STOCK_1105_PE,46.66,7,SELL
1759167356.4088585,STOCK_1060_CE,8.89,1,SELL
1759167356.4217684,STOCK_1060_PE,10.29,10,SELL
1759167356.4455805,STOCK_1065_PE,13.14,3,SELL
1759167356.4849572,STOCK_1075_CE,3.58,4,SELL
1759167356.5009608,STOCK_1075_PE,19.98,5,SELL
1759167356.5357487,STOCK_1080_PE,23.91,3,SELL
1759167356.612157,STOCK_1095_PE,37.12,7,SELL
1759167356.6282542,STOCK_1100_CE,0.45,10,SELL
1759167356.6847699,STOCK_1105_PE,46.66,2,SELL
1759167356.7246354,STOCK_1110_PE,51.55,7,SELL
1759167359.5350266,STOCK_1060_CE,8.89,13,SELL
1759167359.5580316,STOCK_1065_CE,6.73,2,SELL
1759167359.5728002,STOCK_1065_PE,13.14,3,SELL
1759167359.5891328,STOCK_1070_CE,4.97,6,SELL
1759167359.6031215,STOCK_1070_PE,16.38,8,SELL
1759167359.6172247,STOCK_1075_CE,3.58,1,SELL
1759167359.635231,STOCK_1075_PE,19.98,5,SELL
1759167359.6609132,STOCK_1080_CE,2.51,9,SELL
1759167359.688705,STOCK_1080_PE,23.91,13,SELL
1759167359.7150815,STOCK_1090_CE,1.13,4,SELL
1759167359.74308,STOCK_1090_PE,32.52,2,SELL
1759167359.8089173,STOCK_1100_CE,0.45,13,SELL
1759167359.8965585,STOCK_1110_PE,51.55,1,SELL
1759167362.785057,STOCK_1060_CE,8.89,6,SELL
1759167362.7960627,STOCK_1060_PE,10.29,7,SELL
1759167362.8244274,STOCK_1065_PE,13.14,10,SELL
1759167362.8532555,STOCK_1070_PE,16.38,3,SELL
1759167362.8713052,STOCK_1075_CE,3.58,2,SELL
1759167362.8900464,STOCK_1075_PE,19.98,6,SELL
1759167362.9071567,STOCK_1080_CE,2.51,16,SELL
1759167363.0381675,STOCK_1095_PE,37.12,14,SELL
1759167363.0631673,STOCK_1100_CE,0.45,1,SELL
1759167366.0083551,STOCK_1060_CE,8.89,8,SELL
1759167366.022269,STOCK_1060_PE,10.29,2,SELL
1759167366.067863,STOCK_1070_CE,4.97,9,SELL
1759167366.0932083,STOCK_1070_PE,16.38,6,SELL
1759167366.1123598,STOCK_1075_CE,3.58,11,SELL
1759167366.190272,STOCK_1090_CE,1.13,6,SELL
1759167366.2387478,STOCK_1095_CE,0.73,18,SELL
1759167366.2657683,STOCK_1095_PE,37.12,1,SELL
1759167366.292775,STOCK_1100_CE,0.45,1,SELL
1759167369.1704068,STOCK_1065_CE,6.73,1,SELL
1759167369.2438457,STOCK_1075_PE,19.98,24,SELL
1759167369.275414,STOCK_1080_PE,23.91,11,SELL
1759167369.3703156,STOCK_1100_PE,41.84,2,SELL
1759167369.4407423,STOCK_1110_PE,51.55,5,SELL
1759167371.9605844,STOCK_1060_CE,8.89,9,SELL
1759167371.9724936,STOCK_1060_PE,10.29,10,SELL
1759167372.100803,STOCK_1080_CE,2.51,10,SELL
1759167372.1715055,STOCK_1090_PE,32.52,17,SELL
1759167372.2187111,STOCK_1095_PE,37.12,8,SELL
1759167372.253973,STOCK_1100_PE,41.84,1,SELL
1759167372.3476343,STOCK_1110_PE,51.55,2,SELL
1759167375.0529099,STOCK_1060_CE,8.89,14,SELL
1759167375.0759096,STOCK_1065_CE,6.73,6,SELL
1759167375.100946,STOCK_1070_CE,4.97,12,SELL
1759167375.1279142,STOCK_1075_CE,3.58,16,SELL
1759167375.2440448,STOCK_1090_PE,32.52,2,SELL
1759167375.2700179,STOCK_1095_CE,0.73,3,SELL
1759167375.2938898,STOCK_1095_PE,37.12,3,SELL
1759167375.3455973,STOCK_1100_PE,41.84,14,SELL
1759167378.2345417,STOCK_1060_CE,8.89,5,SELL
1759167378.2592301,STOCK_1065_CE,6.73,8,SELL
1759167378.2851298,STOCK_1070_CE,4.97,15,SELL
1759167378.3012328,STOCK_1070_PE,16.38,3,SELL
1759167378.322132,STOCK_1075_CE,3.58,6,SELL
1759167378.3467622,STOCK_1075_PE,19.98,12,SELL
1759167378.368782,STOCK_1080_CE,2.51,3,SELL
1759167378.3853421,STOCK_1080_PE,23.91,12,SELL
1759167378.4272392,STOCK_1090_PE,32.52,17,SELL
1759167378.5665698,STOCK_1105_PE,46.66,13,SELL
1759167381.4277813,STOCK_1060_PE,10.29,3,SELL
1759167381.4511807,STOCK_1065_PE,13.14,3,SELL
1759167381.4818897,STOCK_1070_PE,16.38,11,SELL
1759167381.517914,STOCK_1075_PE,19.98,6,SELL
1759167381.542468,STOCK_1080_CE,2.51,8,SELL
1759167381.6394765,STOCK_1100_CE,0.45,9,SELL
1759167381.7024724,STOCK_1110_PE,51.55,17,SELL
1759167384.4708314,STOCK_1065_CE,6.73,6,SELL
1759167384.5607412,STOCK_1080_CE,2.51,12,SELL
1759167384.5747423,STOCK_1080_PE,23.91,9,SELL
1759167384.5957413,STOCK_1090_PE,32.52,3,SELL
1759167384.611845,STOCK_1095_CE,0.73,2,SELL
1759167384.6717594,STOCK_1100_PE,41.84,6,SELL
1759167384.7217572,STOCK_1105_PE,46.66,7,SELL
1759167387.5706136,STOCK_1060_CE,8.89,18,SELL
1759167387.5885184,STOCK_1060_PE,10.29,14,SELL
1759167387.629622,STOCK_1065_PE,13.14,19,SELL
1759167387.6552258,STOCK_1070_CE,4.97,12,SELL
1759167387.7047696,STOCK_1075_CE,3.58,14,SELL
1759167387.7342072,STOCK_1075_PE,19.98,4,SELL
1759167387.7602918,STOCK_1080_CE,2.51,3,SELL
1759167387.7882113,STOCK_1080_PE,23.91,1,SELL
1759167387.8526785,STOCK_1095_CE,0.73,13,SELL
1759167387.8782463,STOCK_1095_PE,37.12,12,SELL
1759167387.9050722,STOCK_1100_CE,0.45,1,SELL
1759167387.9767013,STOCK_1105_PE,46.66,6,SELL
1759167390.7860513,STOCK_1060_CE,8.89,2,SELL
1759167390.7970407,STOCK_1060_PE,10.29,2,SELL
1759167390.8117373,STOCK_1065_CE,6.73,3,SELL
1759167390.8289893,STOCK_1065_PE,13.14,9,SELL
1759167390.9179518,STOCK_1075_PE,19.98,6,SELL
1759167390.9454064,STOCK_1080_CE,2.51,14,SELL
1759167391.059134,STOCK_1095_PE,37.12,5,SELL
1759167391.1090376,STOCK_1100_PE,41.84,1,SELL
1759167395.241263,STOCK_1060_CE,8.89,8,SELL
1759167395.3263686,STOCK_1075_PE,19.98,17,SELL
1759167395.3876212,STOCK_1090_CE,1.13,15,SELL
1759167395.4086204,STOCK_1090_PE,32.52,3,SELL
1759167395.426712,STOCK_1095_CE,0.73,11,SELL
1759167395.443617,STOCK_1095_PE,37.12,6,SELL
1759167395.4958727,STOCK_1105_PE,46.66,8,SELL
1759167395.5287573,STOCK_1110_PE,51.55,16,SELL
1759167399.1256096,STOCK_1060_CE,8.89,2,SELL
1759167399.1513956,STOCK_1060_PE,10.29,14,SELL
1759167399.2316346,STOCK_1070_CE,4.97,11,SELL
1759167399.2646325,STOCK_1070_PE,16.38,3,SELL
1759167399.325928,STOCK_1075_PE,19.98,1,SELL
1759167399.357894,STOCK_1080_CE,2.51,2,SELL
1759167399.3952353,STOCK_1080_PE,23.91,1,SELL
1759167399.4207768,STOCK_1090_CE,1.13,8,SELL
1759167399.4759433,STOCK_1095_CE,0.73,13,SELL
1759167399.4991615,STOCK_1095_PE,37.12,1,SELL
1759167403.5558546,STOCK_1060_PE,10.29,6,SELL
1759167403.5812979,STOCK_1065_PE,13.14,16,SELL
1759167403.5942988,STOCK_1070_CE,4.97,2,SELL
1759167403.608454,STOCK_1070_PE,16.38,4,SELL
1759167403.6593862,STOCK_1080_PE,23.91,6,SELL
1759167403.6765423,STOCK_1090_CE,1.13,10,SELL
1759167403.711356,STOCK_1095_CE,0.73,20,SELL
1759167403.7314441,STOCK_1095_PE,37.12,2,SELL
1759167403.7570453,STOCK_1100_CE,0.45,15,SELL
1759167403.7774642,STOCK_1100_PE,41.84,5,SELL
1759167403.8254457,STOCK_1105_PE,46.66,3,SELL
1759167407.431112,STOCK_1060_CE,8.89,6,SELL
1759167407.511196,STOCK_1075_CE,3.58,9,SELL
1759167407.6137197,STOCK_1095_PE,37.12,18,SELL
1759167407.6531181,STOCK_1100_PE,41.84,17,SELL
1759167407.7732685,STOCK_1110_PE,51.55,11,SELL
1759167412.339854,STOCK_1060_CE,8.89,2,SELL
1759167412.36534,STOCK_1065_CE,6.73,7,SELL
1759167412.4762588,STOCK_1080_PE,23.91,6,SELL
1759167412.5044234,STOCK_1090_CE,1.13,12,SELL
1759167412.5326395,STOCK_1090_PE,32.52,8,SELL
1759167412.588382,STOCK_1100_CE,0.45,7,SELL
1759167412.6153853,STOCK_1100_PE,41.84,14,SELL
1759167412.6659334,STOCK_1105_PE,46.66,11,SELL
1759167416.8126774,STOCK_1060_PE,10.29,8,SELL
1759167416.8706632,STOCK_1070_PE,16.38,4,SELL
1759167416.939904,STOCK_1090_CE,1.13,14,SELL
1759167416.9778645,STOCK_1095_PE,37.12,8,SELL
1759167417.0141377,STOCK_1100_PE,41.84,6,SELL
1759167417.1152463,STOCK_1110_PE,51.55,11,SELL
1759167420.9624128,STOCK_1065_CE,6.73,4,SELL
1759167421.0153437,STOCK_1070_CE,4.97,8,SELL
1759167421.1052086,STOCK_1075_PE,19.98,17,SELL
1759167421.1366622,STOCK_1080_CE,2.51,2,SELL
1759167421.2884254,STOCK_1100_CE,0.45,13,SELL
1759167421.3175156,STOCK_1100_PE,41.84,5,SELL
1759167427.4912796,STOCK_1060_CE,8.89,2,SELL
1759167427.6730466,STOCK_1075_PE,19.98,2,SELL
1759167427.7453108,STOCK_1090_CE,1.13,6,SELL
1759167427.7779677,STOCK_1090_PE,32.52,24,SELL
1759167427.8067193,STOCK_1095_CE,0.73,1,SELL
1759167427.8526075,STOCK_1100_CE,0.45,6,SELL
1759167427.9018354,STOCK_1105_PE,46.66,4,SELL
1759167427.965796,STOCK_1110_PE,51.55,10,SELL
1759167432.647577,STOCK_1065_CE,6.73,4,SELL
1759167432.6601105,STOCK_1065_PE,13.14,8,SELL
1759167432.6736662,STOCK_1070_CE,4.97,11,SELL
1759167432.75039,STOCK_1080_CE,2.51,12,SELL
1759167432.7835994,STOCK_1090_CE,1.13,18,SELL
1759167432.8067918,STOCK_1090_PE,32.52,7,SELL
1759167432.8717535,STOCK_1100_CE,0.45,9,SELL
1759167432.922879,STOCK_1105_PE,46.66,7,SELL
1759167437.0579379,STOCK_1060_CE,8.89,21,SELL
1759167437.0893855,STOCK_1060_PE,10.29,5,SELL
1759167437.168353,STOCK_1070_CE,4.97,10,SELL
1759167437.229852,STOCK_1075_PE,19.98,8,SELL
1759167437.3762934,STOCK_1095_PE,37.12,8,SELL
1759167437.402443,STOCK_1100_CE,0.45,7,SELL
1759167437.5398922,STOCK_1110_PE,51.55,3,SELL
1759167440.6737008,STOCK_1060_PE,10.29,3,SELL
1759167440.6866817,STOCK_1065_CE,6.73,5,SELL
1759167440.702191,STOCK_1065_PE,13.14,14,SELL
1759167440.717821,STOCK_1070_CE,4.97,7,SELL
1759167440.7477846,STOCK_1075_CE,3.58,3,SELL
1759167440.7890756,STOCK_1080_PE,23.91,4,SELL
1759167440.8040762,STOCK_1090_CE,1.13,17,SELL
1759167440.8827856,STOCK_1100_CE,0.45,14,SELL
1759167443.7295287,STOCK_1060_CE,8.89,4,SELL
1759167443.7395334,STOCK_1060_PE,10.29,11,SELL
1759167443.7546139,STOCK_1065_CE,6.73,8,SELL
1759167443.812129,STOCK_1070_PE,16.38,1,SELL
1759167443.8544955,STOCK_1075_PE,19.98,6,SELL
1759167443.9045055,STOCK_1080_PE,23.91,6,SELL
1759167443.9728217,STOCK_1095_CE,0.73,1,SELL
1759167444.0714629,STOCK_1105_PE,46.66,7,SELL
1759167444.1197295,STOCK_1110_PE,51.55,15,SELL
1759167447.0807002,STOCK_1060_CE,8.89,9,SELL
1759167447.1296775,STOCK_1070_CE,4.97,3,SELL
1759167447.1567364,STOCK_1075_CE,3.58,21,SELL
1759167447.1747353,STOCK_1075_PE,19.98,1,SELL
1759167447.1960628,STOCK_1080_CE,2.51,2,SELL
1759167447.2381957,STOCK_1090_CE,1.13,21,SELL
1759167447.2669938,STOCK_1090_PE,32.52,5,SELL
1759167447.336405,STOCK_1095_PE,37.12,7,SELL
1759167447.395719,STOCK_1105_PE,46.66,8,SELL
1759167447.42026,STOCK_1110_PE,51.55,4,SELL
1759167450.2652955,STOCK_1065_CE,6.73,3,SELL
1759167450.2806737,STOCK_1065_PE,13.14,7,SELL
1759167450.2936866,STOCK_1070_CE,4.97,5,SELL
1759167450.3067682,STOCK_1070_PE,16.38,3,SELL
1759167450.3592,STOCK_1080_PE,23.91,7,SELL
1759167450.384468,STOCK_1090_PE,32.52,4,SELL
1759167450.4325755,STOCK_1100_PE,41.84,15,SELL
1759167450.467993,STOCK_1105_PE,46.66,4,SELL
1759167450.5159838,STOCK_1110_PE,51.55,6,SELL
1759167453.3227055,STOCK_1060_CE,8.89,10,SELL
1759167453.3452294,STOCK_1065_CE,6.73,4,SELL
1759167453.4317915,STOCK_1080_PE,23.91,13,SELL
1759167453.45579,STOCK_1090_CE,1.13,9,SELL
1759167453.472886,STOCK_1090_PE,32.52,14,SELL
1759167453.5617824,STOCK_1100_PE,41.84,5,SELL
1759167453.6057863,STOCK_1105_PE,46.66,9,SELL
1759167456.5318618,STOCK_1065_CE,6.73,12,SELL
1759167456.5447664,STOCK_1065_PE,13.14,16,SELL
1759167456.6354358,STOCK_1090_PE,32.52,4,SELL
1759167456.6594164,STOCK_1095_CE,0.73,8,SELL
1759167456.6870644,STOCK_1095_PE,37.12,5,SELL
1759167456.7380972,STOCK_1100_PE,41.84,1,SELL
1759167456.7997057,STOCK_1110_PE,51.55,7,SELL
1759167459.6697059,STOCK_1075_PE,19.98,5,SELL
1759167459.6979096,STOCK_1080_CE,2.51,14,SELL
1759167459.7833037,STOCK_1095_CE,0.73,4,SELL
1759167459.8003075,STOCK_1095_PE,37.12,4,SELL
1759167459.8186264,STOCK_1100_CE,0.45,13,SELL
1759167462.6933577,STOCK_1065_CE,6.73,2,SELL
1759167462.7082562,STOCK_1065_PE,13.14,12,SELL
1759167462.721663,STOCK_1070_CE,4.97,10,SELL
1759167462.7376246,STOCK_1070_PE,16.38,10,SELL
1759167462.7595851,STOCK_1075_CE,3.58,3,SELL
1759167462.829754,STOCK_1090_CE,1.13,10,SELL
1759167462.9016762,STOCK_1095_PE,37.12,13,SELL
1759167462.9289846,STOCK_1100_CE,0.45,10,SELL
1759167462.9549572,STOCK_1100_PE,41.84,1,SELL
1759167465.8959458,STOCK_1060_CE,8.89,14,SELL
1759167465.9206836,STOCK_1065_CE,6.73,14,SELL
1759167465.9564667,STOCK_1070_CE,4.97,1,SELL
1759167465.9783204,STOCK_1070_PE,16.38,10,SELL
1759167466.014575,STOCK_1075_PE,19.98,22,SELL
1759167466.0524366,STOCK_1080_PE,23.91,2,SELL
1759167469.0570168,STOCK_1060_CE,8.89,10,SELL
1759167469.0681148,STOCK_1060_PE,10.29,18,SELL
1759167469.0841584,STOCK_1065_CE,6.73,8,SELL
1759167469.103756,STOCK_1065_PE,13.14,11,SELL
1759167469.1238937,STOCK_1070_CE,4.97,18,SELL
1759167469.146905,STOCK_1070_PE,16.38,3,SELL
1759167469.1651013,STOCK_1075_CE,3.58,8,SELL
1759167469.2002995,STOCK_1080_CE,2.51,25,SELL
1759167469.2290132,STOCK_1090_CE,1.13,3,SELL
1759167469.2635567,STOCK_1095_CE,0.73,1,SELL
1759167469.2985294,STOCK_1100_CE,0.45,8,SELL
1759167469.3173585,STOCK_1100_PE,41.84,19,SELL
1759167472.180466,STOCK_1065_CE,6.73,13,SELL
1759167472.1944897,STOCK_1065_PE,13.14,11,SELL
1759167472.2184508,STOCK_1070_PE,16.38,4,SELL
1759167472.2531571,STOCK_1075_PE,19.98,2,SELL
1759167472.31607,STOCK_1090_CE,1.13,4,SELL
1759167472.3442721,STOCK_1090_PE,32.52,2,SELL
1759167472.3702722,STOCK_1095_CE,0.73,7,SELL
1759167472.3973172,STOCK_1095_PE,37.12,5,SELL
1759167472.4242947,STOCK_1100_CE,0.45,9,SELL
1759167472.4522748,STOCK_1100_PE,41.84,4,SELL
1759167472.5014098,STOCK_1105_PE,46.66,6,SELL
1759167475.4716961,STOCK_1060_PE,10.29,1,SELL
1759167475.4879405,STOCK_1065_CE,6.73,14,SELL
1759167475.5063186,STOCK_1065_PE,13.14,5,SELL
1759167475.5463252,STOCK_1070_PE,16.38,13,SELL
1759167475.5797107,STOCK_1075_PE,19.98,9,SELL
1759167475.7024548,STOCK_1100_CE,0.45,4,SELL
1759167475.7219453,STOCK_1100_PE,41.84,19,SELL
1759167478.6498177,STOCK_1060_CE,8.89,22,SELL
1759167478.68443,STOCK_1065_PE,13.14,10,SELL
1759167478.7021673,STOCK_1070_CE,4.97,4,SELL
1759167478.782383,STOCK_1080_CE,2.51,1,SELL
1759167478.8036711,STOCK_1080_PE,23.91,14,SELL
1759167478.8189945,STOCK_1090_CE,1.13,4,SELL
1759167478.9321992,STOCK_1105_PE,46.66,1,SELL
1759167482.0494506,STOCK_1065_CE,6.73,2,SELL
1759167482.090508,STOCK_1070_CE,4.97,3,SELL
1759167482.1515095,STOCK_1080_CE,2.51,2,SELL
1759167482.172784,STOCK_1080_PE,23.91,14,SELL
1759167482.1968925,STOCK_1090_CE,1.13,5,SELL
1759167482.2201955,STOCK_1090_PE,32.52,5,SELL
1759167482.3739777,STOCK_1105_PE,46.66,10,SELL
1759167482.4073083,STOCK_1110_PE,51.55,6,SELL
1759167485.9583712,STOCK_1060_CE,8.89,9,SELL
1759167485.969121,STOCK_1060_PE,10.29,4,SELL
1759167485.980133,STOCK_1065_CE,6.73,1,SELL
1759167485.9951205,STOCK_1065_PE,13.14,6,SELL
1759167486.0285425,STOCK_1075_CE,3.58,9,SELL
1759167486.0616338,STOCK_1080_PE,23.91,2,SELL
1759167486.0875783,STOCK_1090_PE,32.52,5,SELL
1759167486.101578,STOCK_1095_CE,0.73,7,SELL
1759167486.1301944,STOCK_1100_CE,0.45,3,SELL
1759167486.2147334,STOCK_1105_PE,46.66,12,SELL
1759167490.4072661,STOCK_1060_PE,10.29,10,SELL
1759167490.4202056,STOCK_1065_CE,6.73,2,SELL
1759167490.4305658,STOCK_1065_PE,13.14,1,SELL
1759167490.452018,STOCK_1070_PE,16.38,9,SELL
1759167490.4631047,STOCK_1075_CE,3.58,14,SELL
1759167490.4740186,STOCK_1075_PE,19.98,11,SELL
1759167490.502091,STOCK_1080_PE,23.91,4,SELL
1759167490.520648,STOCK_1090_CE,1.13,2,SELL
1759167490.5376623,STOCK_1090_PE,32.52,8,SELL
1759167493.631735,STOCK_1065_PE,13.14,1,SELL
1759167493.6661553,STOCK_1075_CE,3.58,15,SELL
1759167493.6809828,STOCK_1075_PE,19.98,11,SELL
1759167493.6963828,STOCK_1080_CE,2.51,26,SELL
1759167493.724368,STOCK_1090_CE,1.13,1,SELL
1759167493.739671,STOCK_1090_PE,32.52,3,SELL
1759167493.7516718,STOCK_1095_CE,0.73,2,SELL
1759167493.7646716,STOCK_1095_PE,37.12,3,SELL
1759167493.777924,STOCK_1100_CE,0.45,5,SELL
1759167493.8097298,STOCK_1105_PE,46.66,8,SELL
1759167496.7241225,STOCK_1060_PE,10.29,2,SELL
1759167496.7462099,STOCK_1065_PE,13.14,13,SELL
1759167496.7865167,STOCK_1075_CE,3.58,12,SELL
1759167496.8079667,STOCK_1075_PE,19.98,7,SELL
1759167496.8245223,STOCK_1080_CE,2.51,4,SELL
1759167496.8662393,STOCK_1090_CE,1.13,11,SELL
1759167496.8822567,STOCK_1090_PE,32.52,5,SELL
1759167496.9270089,STOCK_1100_CE,0.45,7,SELL
1759167496.94415,STOCK_1100_PE,41.84,17,SELL
1759167496.970474,STOCK_1105_PE,46.66,7,SELL
1759167501.7094915,STOCK_1065_PE,13.14,4,SELL
1759167501.7314906,STOCK_1070_CE,4.97,13,SELL
1759167501.7547946,STOCK_1070_PE,16.38,20,SELL
1759167501.7757812,STOCK_1075_CE,3.58,15,SELL
1759167501.8005896,STOCK_1075_PE,19.98,3,SELL
1759167501.8350964,STOCK_1080_CE,2.51,4,SELL
1759167501.859378,STOCK_1080_PE,23.91,14,SELL
1759167501.900792,STOCK_1090_PE,32.52,18,SELL
1759167501.92452,STOCK_1095_CE,0.73,11,SELL
1759167501.9695385,STOCK_1100_CE,0.45,5,SELL
1759167501.9918172,STOCK_1100_PE,41.84,8,SELL
1759167507.2205162,STOCK_1070_CE,4.97,5,SELL
1759167507.2425907,STOCK_1070_PE,16.38,18,SELL
1759167507.2645066,STOCK_1075_CE,3.58,3,SELL
1759167507.305632,STOCK_1080_CE,2.51,6,SELL
1759167507.3276339,STOCK_1080_PE,23.91,6,SELL
1759167507.3496358,STOCK_1090_CE,1.13,4,SELL
1759167507.4138346,STOCK_1095_PE,37.12,2,SELL
1759167507.4597087,STOCK_1100_PE,41.84,8,SELL
1759167512.5933828,STOCK_1060_PE,10.29,8,SELL
1759167512.6730506,STOCK_1070_PE,16.38,3,SELL
1759167512.6959558,STOCK_1075_CE,3.58,5,SELL
1759167512.7370415,STOCK_1080_CE,2.51,5,SELL
1759167512.7759457,STOCK_1090_CE,1.13,2,SELL
1759167512.7979956,STOCK_1090_PE,32.52,8,SELL
1759167512.8397427,STOCK_1095_PE,37.12,1,SELL
1759167512.8796613,STOCK_1100_PE,41.84,8,SELL
1759167512.9206579,STOCK_1105_PE,46.66,7,SELL
1759167517.5121307,STOCK_1060_PE,10.29,3,SELL
1759167517.5487032,STOCK_1065_PE,13.14,6,SELL
1759167517.5898,STOCK_1070_PE,16.38,2,SELL
1759167517.6097562,STOCK_1075_CE,3.58,2,SELL
1759167517.7039726,STOCK_1095_CE,0.73,1,SELL
1759167517.8084424,STOCK_1110_PE,51.55,16,SELL
1759167521.361926,STOCK_1065_CE,6.73,3,SELL
1759167521.3878958,STOCK_1065_PE,13.14,12,SELL
1759167521.4121728,STOCK_1070_CE,4.97,5,SELL
1759167521.4637663,STOCK_1075_CE,3.58,18,SELL
1759167521.5111094,STOCK_1080_CE,2.51,9,SELL
1759167521.5361054,STOCK_1080_PE,23.91,4,SELL
1759167521.580719,STOCK_1090_PE,32.52,5,SELL
1759167521.6343784,STOCK_1095_PE,37.12,4,SELL
1759167521.6584768,STOCK_1100_CE,0.45,16,SELL
1759167521.6901624,STOCK_1100_PE,41.84,15,SELL
1759167521.7474306,STOCK_1105_PE,46.66,4,SELL
1759167521.7920585,STOCK_1110_PE,51.55,2,SELL
1759167525.747965,STOCK_1060_PE,10.29,7,SELL
1759167525.763791,STOCK_1065_CE,6.73,14,SELL
1759167525.8089862,STOCK_1070_PE,16.38,3,SELL
1759167525.8538647,STOCK_1075_PE,19.98,11,SELL
1759167525.9060962,STOCK_1090_CE,1.13,2,SELL
1759167525.9935086,STOCK_1100_CE,0.45,2,SELL
1759167526.055166,STOCK_1105_PE,46.66,18,SELL
1759167528.798642,STOCK_1060_CE,8.89,17,SELL
1759167528.8116453,STOCK_1060_PE,10.29,3,SELL
1759167528.8515162,STOCK_1065_PE,13.14,8,SELL
1759167528.8783622,STOCK_1070_CE,4.97,3,SELL
1759167528.9297864,STOCK_1075_CE,3.58,5,SELL
1759167528.9801018,STOCK_1080_CE,2.51,13,SELL
1759167529.0274947,STOCK_1090_CE,1.13,13,SELL
1759167529.0902689,STOCK_1095_CE,0.73,12,SELL
1759167529.1513119,STOCK_1100_CE,0.45,10,SELL
1759167529.179252,STOCK_1100_PE,41.84,11,SELL
1759167529.2341115,STOCK_1105_PE,46.66,11,SELL
1759167529.287907,STOCK_1110_PE,51.55,6,SELL
1759167532.0912468,STOCK_1060_CE,8.89,9,SELL
1759167532.103117,STOCK_1060_PE,10.29,4,SELL
1759167532.1352096,STOCK_1065_PE,13.14,10,SELL
1759167532.1519938,STOCK_1070_CE,4.97,6,SELL
1759167532.2895381,STOCK_1090_PE,32.52,8,SELL
1759167532.4053793,STOCK_1105_PE,46.66,13,SELL
1759167535.6113691,STOCK_1060_CE,8.89,11,SELL
1759167535.6550283,STOCK_1065_CE,6.73,4,SELL
1759167535.7300625,STOCK_1070_PE,16.38,3,SELL
1759167535.7822666,STOCK_1075_PE,19.98,6,SELL
1759167535.8075616,STOCK_1080_CE,2.51,5,SELL
1759167535.855788,STOCK_1090_CE,1.13,11,SELL
1759167535.9510815,STOCK_1100_CE,0.45,15,SELL
1759167536.064293,STOCK_1110_PE,51.55,3,SELL
1759167541.0917017,STOCK_1060_CE,8.89,2,SELL
1759167541.118255,STOCK_1060_PE,10.29,1,SELL
1759167541.1422534,STOCK_1065_CE,6.73,6,SELL
1759167541.1666422,STOCK_1065_PE,13.14,5,SELL
1759167541.2537138,STOCK_1075_PE,19.98,3,SELL
1759167541.283823,STOCK_1080_CE,2.51,5,SELL
1759167546.6036022,STOCK_1070_CE,4.97,10,SELL
1759167546.6333249,STOCK_1070_PE,16.38,11,SELL
1759167546.6573591,STOCK_1075_CE,3.58,5,SELL
1759167546.6862583,STOCK_1075_PE,19.98,3,SELL
1759167546.708906,STOCK_1080_CE,2.51,1,SELL
1759167546.7586799,STOCK_1090_CE,1.13,3,SELL
1759167546.78505,STOCK_1090_PE,32.52,13,SELL
1759167546.8330562,STOCK_1095_PE,37.12,1,SELL
1759167546.8561368,STOCK_1100_CE,0.45,16,SELL
1759167546.9720469,STOCK_1110_PE,51.55,4,SELL
1759167552.0096257,STOCK_1070_CE,4.97,6,SELL
1759167552.041384,STOCK_1070_PE,16.38,11,SELL
1759167552.0679946,STOCK_1075_CE,3.58,2,SELL
1759167552.090732,STOCK_1075_PE,19.98,11,SELL
1759167552.1360795,STOCK_1080_PE,23.91,24,SELL
1759167552.1594107,STOCK_1090_CE,1.13,5,SELL
1759167552.183484,STOCK_1090_PE,32.52,6,SELL
1759167552.235876,STOCK_1095_PE,37.12,3,SELL
1759167552.2624452,STOCK_1100_CE,0.45,10,SELL
1759167552.297248,STOCK_1100_PE,41.84,2,SELL
1759167552.394822,STOCK_1110_PE,51.55,14,SELL
1759167557.3731918,STOCK_1060_PE,10.29,24,SELL
1759167557.3995705,STOCK_1065_CE,6.73,4,SELL
1759167557.4438183,STOCK_1070_CE,4.97,5,SELL
1759167557.4773436,STOCK_1070_PE,16.38,14,SELL
1759167557.5524435,STOCK_1080_CE,2.51,4,SELL
1759167557.6051233,STOCK_1090_CE,1.13,8,SELL
1759167557.6318235,STOCK_1090_PE,32.52,6,SELL
1759167557.6601014,STOCK_1095_CE,0.73,3,SELL
1759167562.8631146,STOCK_1065_CE,6.73,4,SELL
1759167562.8897219,STOCK_1065_PE,13.14,4,SELL
1759167562.9630892,STOCK_1075_CE,3.58,10,SELL
1759167563.058502,STOCK_1090_CE,1.13,11,SELL
1759167563.1102848,STOCK_1095_CE,0.73,1,SELL
1759167563.164278,STOCK_1100_CE,0.45,11,SELL
1759167563.1908975,STOCK_1100_PE,41.84,2,SELL
1759167563.289069,STOCK_1110_PE,51.55,9,SELL
1759167568.2638667,STOCK_1060_PE,10.29,3,SELL
1759167568.2885613,STOCK_1065_CE,6.73,10,SELL
1759167568.4317682,STOCK_1080_CE,2.51,4,SELL
1759167568.5179315,STOCK_1095_CE,0.73,17,SELL
1759167568.6566782,STOCK_1100_PE,41.84,6,SELL
1759167568.7728665,STOCK_1110_PE,51.55,5,SELL
1759167573.6504822,STOCK_1060_PE,10.29,9,SELL
1759167573.7172606,STOCK_1070_CE,4.97,2,SELL
1759167573.7465699,STOCK_1070_PE,16.38,5,SELL
1759167573.7735264,STOCK_1075_CE,3.58,6,SELL
1759167573.7997532,STOCK_1075_PE,19.98,4,SELL
1759167573.8727753,STOCK_1090_CE,1.13,9,SELL
1759167573.9236941,STOCK_1095_CE,0.73,7,SELL
1759167574.044173,STOCK_1105_PE,46.66,5,SELL
1759167574.0966854,STOCK_1110_PE,51.55,1,SELL
1759167579.0036337,STOCK_1060_PE,10.29,10,SELL
1759167579.030019,STOCK_1065_CE,6.73,1,SELL
1759167579.0728087,STOCK_1070_CE,4.97,13,SELL
1759167579.1053002,STOCK_1070_PE,16.38,2,SELL
1759167579.1329691,STOCK_1075_CE,3.58,5,SELL
1759167579.1569765,STOCK_1075_PE,19.98,6,SELL
1759167579.1849787,STOCK_1080_CE,2.51,10,SELL
1759167579.2539465,STOCK_1090_PE,32.52,1,SELL
1759167579.2805052,STOCK_1095_CE,0.73,2,SELL
1759167579.3337564,STOCK_1100_CE,0.45,3,SELL
1759167579.3614626,STOCK_1100_PE,41.84,12,SELL
1759167579.4564278,STOCK_1110_PE,51.55,6,SELL
1759167584.3700957,STOCK_1060_CE,8.89,4,SELL
1759167584.4618611,STOCK_1070_CE,4.97,4,SELL
1759167584.509621,STOCK_1075_CE,3.58,5,SELL
1759167584.5339649,STOCK_1075_PE,19.98,13,SELL
1759167584.563673,STOCK_1080_CE,2.51,6,SELL
1759167584.616129,STOCK_1090_CE,1.13,6,SELL
1759167589.8411992,STOCK_1060_CE,8.89,15,SELL
1759167589.8654482,STOCK_1060_PE,10.29,6,SELL
1759167589.8902092,STOCK_1065_CE,6.73,5,SELL
1759167589.9422433,STOCK_1070_CE,4.97,4,SELL
1759167590.0105922,STOCK_1075_PE,19.98,16,SELL
1759167590.084645,STOCK_1090_CE,1.13,4,SELL
1759167590.1829863,STOCK_1100_CE,0.45,13,SELL
1759167590.2527611,STOCK_1105_PE,46.66,6,SELL
1759167590.302094,STOCK_1110_PE,51.55,2,SELL
1759167595.3521569,STOCK_1060_CE,8.89,17,SELL
1759167595.4215553,STOCK_1065_PE,13.14,15,SELL
1759167595.4482558,STOCK_1070_CE,4.97,2,SELL
1759167595.4776928,STOCK_1070_PE,16.38,7,SELL
1759167595.5502064,STOCK_1080_CE,2.51,10,SELL
1759167595.6432915,STOCK_1095_CE,0.73,1,SELL
1759167595.8405626,STOCK_1105_PE,46.66,5,SELL
1759167595.9096093,STOCK_1110_PE,51.55,6,SELL
1759167600.9399836,STOCK_1060_CE,8.89,4,SELL
1759167600.9680903,STOCK_1060_PE,10.29,7,SELL
1759167600.9935467,STOCK_1065_CE,6.73,10,SELL
1759167601.0390737,STOCK_1070_CE,4.97,9,SELL
1759167601.0676258,STOCK_1070_PE,16.38,8,SELL
1759167601.0951533,STOCK_1075_CE,3.58,3,SELL
1759167601.1652439,STOCK_1080_PE,23.91,11,SELL
1759167601.2847729,STOCK_1100_CE,0.45,1,SELL
1759167601.356861,STOCK_1105_PE,46.66,9,SELL
1759167606.424519,STOCK_1065_PE,13.14,2,SELL
1759167606.473726,STOCK_1070_PE,16.38,9,SELL
1759167606.5245638,STOCK_1075_PE,19.98,4,SELL
1759167606.5545754,STOCK_1080_CE,2.51,7,SELL
1759167606.6051185,STOCK_1090_CE,1.13,10,SELL
1759167606.6323643,STOCK_1090_PE,32.52,8,SELL
1759167606.7044137,STOCK_1100_CE,0.45,7,SELL
1759167606.7315078,STOCK_1100_PE,41.84,13,SELL
1759167606.7808053,STOCK_1105_PE,46.66,11,SELL
1759167606.8295057,STOCK_1110_PE,51.55,7,SELL
1759167611.759586,STOCK_1060_CE,8.89,6,SELL
1759167611.9239504,STOCK_1075_PE,19.98,6,SELL
1759167611.9481142,STOCK_1080_CE,2.51,14,SELL
1759167612.0039968,STOCK_1090_CE,1.13,1,SELL
1759167612.0733545,STOCK_1095_PE,37.12,9,SELL
1759167617.1110637,STOCK_1060_CE,8.89,3,SELL
1759167617.1381242,STOCK_1060_PE,10.29,7,SELL
1759167617.304513,STOCK_1080_CE,2.51,19,SELL
1759167617.3515077,STOCK_1090_CE,1.13,8,SELL
1759167617.3800566,STOCK_1090_PE,32.52,12,SELL
1759167617.4084105,STOCK_1095_CE,0.73,14,SELL
1759167617.4609036,STOCK_1100_CE,0.45,6,SELL
1759167617.5335214,STOCK_1105_PE,46.66,3,SELL
1759167617.5950794,STOCK_1110_PE,51.55,2,SELL
1759167622.5375648,STOCK_1065_PE,13.14,2,SELL
1759167622.5641723,STOCK_1070_CE,4.97,2,SELL
1759167622.5895772,STOCK_1070_PE,16.38,7,SELL
1759167622.6377697,STOCK_1075_PE,19.98,9,SELL
1759167622.686453,STOCK_1080_PE,23.91,1,SELL
1759167622.7611773,STOCK_1095_CE,0.73,3,SELL
1759167622.8231187,STOCK_1095_PE,37.12,4,SELL
1759167622.9648015,STOCK_1105_PE,46.66,16,SELL
1759167623.0162652,STOCK_1110_PE,51.55,12,SELL
1759167627.886937,STOCK_1065_CE,6.73,15,SELL
1759167627.9181154,STOCK_1065_PE,13.14,12,SELL
1759167627.9443376,STOCK_1070_CE,4.97,8,SELL
1759167627.9712663,STOCK_1070_PE,16.38,8,SELL
1759167627.998263,STOCK_1075_CE,3.58,12,SELL
1759167628.0493417,STOCK_1080_CE,2.51,9,SELL
1759167628.078132,STOCK_1080_PE,23.91,5,SELL
1759167628.1271145,STOCK_1090_PE,32.52,1,SELL
1759167628.1724927,STOCK_1095_PE,37.12,16,SELL
1759167628.199606,STOCK_1100_CE,0.45,1,SELL
1759167628.2276046,STOCK_1100_PE,41.84,10,SELL
1759167628.2786252,STOCK_1105_PE,46.66,11,SELL
1759167628.3303175,STOCK_1110_PE,51.55,4,SELL
1759167633.2724614,STOCK_1065_CE,6.73,3,SELL
1759167633.295106,STOCK_1065_PE,13.14,27,SELL
1759167633.3215194,STOCK_1070_CE,4.97,1,SELL
1759167633.3722527,STOCK_1075_CE,3.58,4,SELL
1759167633.4254715,STOCK_1080_CE,2.51,1,SELL
1759167633.4550211,STOCK_1080_PE,23.91,4,SELL
1759167633.5011218,STOCK_1090_PE,32.52,14,SELL
1759167633.5509875,STOCK_1095_PE,37.12,12,SELL
1759167633.5776596,STOCK_1100_CE,0.45,16,SELL
1759167633.645724,STOCK_1105_PE,46.66,15,SELL
1759167633.6924672,STOCK_1110_PE,51.55,8,SELL
